1742 3152
264 229 349 270 212
831 226 1127 266 raotocrs.

682 338 719 385 P
755 337 798 384 R
833 339 953 386 O=L
990 338 1031 386 O
1072 338 1111 385 G
1153 338 1193 387 V
1230 339 1280 387 S.

579 425 927 468 Luxuria
978 431 1038 468 et
1088 426 1375 483 Inopia.

274 518 359 561 Lu.
404 494 612 572 Sequere
641 518 716 559 haic
748 532 829 570 me,
861 525 1001 570 gnata,
1033 525 1074 558 ut
1106 519 1246 559 mimus
1276 518 1455 569 fungaris
1485 527 1605 562 tuum.

273 577 343 619 In.
373 575 550 628 Sequo'r3
579 577 648 616 sed
677 574 793 616 finem
823 575 907 616 sore
937 589 1050 628 quem
1081 576 1229 626 dicam,
1264 576 1414 617 nest-io.

276 631 360 673 Lu.
392 633 533 684 Ades13
564 646 634 684 en,
663 630 756 672 illae
785 638 877 672 sunt
906 633 1046 682 aede33
1075 632 1087 670 i
1118 632 1219 672 intro
1249 633 1350 672 minc
1378 637 1471 673 iam.

274 690 411 740 Nunc,
442 691 492 729 ne
523 689 612 743 quis
641 695 746 729 erret
774 689 968 739 vostrum,
999 688 1138 741 paucis
1168 688 1205 728 in
1238 688 1340 729 riam

219 747 245 787 5
275 746 497 797 Deduicam,
526 746 562 787 si
592 745 746 800 quidem
776 745 934 799 operam
965 747 1058 785 dare
1089 745 1322 798 promittitis.

376 845 507 880 Prol.
554 844 663 881 Nova
686 845 834 879 ratione
858 844 1014 879 Plautus
1040 844 1132 878 duas
1156 854 1335 889 personas
1360 843 1557 890 prologum
1583 854 1692 879 oran·

274 894 334 926 tes
368 891 591 926 introducit.
650 891 776 925 Utitur
808 895 934 925 autem
964 890 1183 936 allegoricis
1215 891 1406 936 personis,
1441 889 1616 924 Ltuuria
1651 893 1692 925 et

276 936 422 982 Inopia.
471 937 554 972 Non
587 935 751 970 absimili
783 936 895 970 nitido
928 937 967 969 in
1001 935 1217 970 Cistellaria
1251 936 1431 980 prologus
1465 936 1511 970 ab
1538 935 1691 970 Aemilio

276 984 427 1017 dicitur.
485 982 589 1016 Deos
621 991 711 1015 vero
744 981 996 1029 προλογὶζοντας
1027 981 1170 1015 duabus
1211 982 1249 1014 in
1283 981 1421 1015 fabulis
1454 991 1536 1014 esse
1571 982 1692 1016 voluit

278 1034 412 1074 poeta,
447 1028 485 1061 in
519 1027 689 1062 Rudente
724 1027 943 1070 Arcturum,
984 1028 1022 1060 in
1054 1026 1248 1062 Aulularia
1284 1026 1416 1061 Larem
1440 1027 1691 1073 familiarem,

280 1074 483 1117 utrobique
507 1072 672 1106 feliciter
698 1077 735 1106 et
759 1073 1042 1107 accommodate
1074 1073 1121 1106 ad
1148 1083 1224 1106 rcm
1258 1073 1503 1117 propositam.
1551 1074 1691 1106 Teren·

277 1120 355 1153 tius
378 1118 446 1153 hac
472 1119 509 1152 in
537 1127 597 1160 re,
630 1122 672 1151 ut
695 1118 734 1151 in
759 1119 917 1160 ceteris,
955 1117 1075 1152 multo
1099 1118 1319 1162 simplicior.
1371 1118 1558 1162 Nusquam
1591 1118 1690 1151 enim

278 1164 395 1199 habet
421 1163 564 1208 aliquid
589 1164 810 1205 varietatis,
843 1165 908 1198 sed
934 1163 1072 1207 ubique
1096 1174 1169 1196 una
1194 1163 1400 1206 eademque
1437 1164 1582 1196 ratione
1607 1173 1691 1208 per·

279 1210 459 1244 sonatum‘
486 1209 650 1253 aliquem
677 1218 697 1241 e
721 1208 878 1252 reliquis
903 1208 1149 1242 histrionibus
1174 1208 1357 1253 singulari
1382 1208 1532 1254 prologi
1556 1213 1691 1243 ornatu

279 1255 434 1301 prodire
458 1254 579 1288 iussit.
632 1253 758 1288 Veluti
783 1254 928 1299 Hecyr.
953 1253 1019 1288 alt.
1045 1253 1141 1298 prol.
1166 1253 1267 1287 init.:

506 1297 645 1333 Orator
670 1299 718 1333 ad
740 1310 801 1334 vor
822 1299 927 1335 venio
952 1305 1085 1334 ornatu
1106 1298 1270 1344 prologi.

281 1347 338 1380 Ex
363 1355 437 1390 quo
462 1345 547 1379 loco
572 1344 821 1390 intelligitur,
847 1345 997 1391 prologi
1022 1345 1251 1390 singularem
1276 1344 1439 1389 aliquem
1464 1349 1502 1379 et
1521 1349 1693 1380 constan-

280 1401 356 1426 tem
381 1395 555 1425 ornatum
580 1389 718 1432 fuisse,
745 1391 917 1425 Terentii
941 1396 1136 1436 tempore;
1161 1389 1260 1424 haud
1287 1391 1401 1424 dubie
1422 1401 1467 1424 ne
1493 1401 1575 1424 cum
1603 1391 1690 1425 reli-

282 1437 365 1482 quis
389 1437 561 1481 personis
586 1435 892 1471 confunderetur.
948 1437 1098 1470 Certam
1125 1446 1273 1480 quoque
1308 1441 1470 1469 aetatem
1497 1436 1613 1470 fuisse
1637 1436 1692 1470 hi-

278 1483 463 1516 strionum
477 1506 487 1524 ‚
512 1481 711 1526 prologum
728 1483 930 1523 orantium,
949 1487 1053 1527 patet
1071 1492 1113 1515 ex
1137 1482 1268 1515 eodem
1288 1482 1468 1515 Terentio
1488 1482 1691 1516 Heautont.

281 1528 376 1573 prol.
395 1528 423 1562 l.
471 1528 647 1562 Ceterum
671 1538 778 1562 usum
805 1538 1049 1573 personarum
1075 1527 1366 1572 allegoricarum
1395 1526 1549 1561 Plautus
1573 1538 1595 1561 a
1613 1528 1691 1561 Me-

279 1573 424 1608 nandro
449 1577 643 1607 mutuatus
669 1577 750 1614 est,
785 1579 827 1607 ut
859 1573 972 1607 docet
998 1572 1109 1607 Wolf.
1133 1573 1172 1607 in
1197 1573 1463 1606 dissertatione
1496 1573 1542 1606 de
1567 1572 1691 1616 prolo-

290 1620 338 1652 ris
362 1618 548 1653 Plautinis
577 1629 674 1652 anno
700 1627 947 1653 crolocccxn.
973 1618 1128 1660 emissa,
1154 1628 1190 1662 p.
1214 1620 1275 1658 Ι8,
1307 1618 1370 1651 ubi
1397 1617 1564 1652 Luciano
1594 1623 1691 1652 teste

295 1663 507 1709 ‘seudolog.
525 1665 572 1705 4,
596 1663 780 1705 Elencho,
812 1674 972 1710 persona
994 1663 1223 1709 allegorica,
1259 1663 1468 1698 Menander
1492 1674 1580 1697 usus
1607 1674 1690 1698 esse

281 1709 459 1744 refertur.
508 1708 582 1743 Sed
609 1709 714 1743 locus
738 1707 785 1743 cf.

372 1755 464 1788 Rem
488 1755 526 1787 in
551 1754 711 1799 prologo
742 1755 797 1789 ita
822 1755 982 1789 adornat
1012 1754 1189 1794 Plautus,
1211 1758 1266 1796 ,ut
1291 1752 1466 1787 Luxuria
1492 1763 1587 1797 quae
1604 1752 1693 1788 huc·

279 1810 398 1844 usque
422 1800 460 1833 iu
487 1800 645 1834 aedibus
669 1799 862 1835 Lesbonici
884 1799 1095 1841 habitarat,
1128 1799 1248 1833 filiam
1283 1810 1388 1833 suam
1423 1799 1588 1842 inopiam
1622 1800 1690 1833 illo

280 1845 519 1886 introducat,
543 1845 625 1890 ipsa
650 1851 775 1879 autem
802 1845 973 1879 excedat.
1022 1846 1118 1878 Tum
1146 1845 1315 1879 Luxuria
1341 1845 1467 1889 paucis
1485 1845 1531 1878 de
1551 1845 1692 1879 hosba-

279 1892 367 1925 nico
400 1895 547 1932 monet,
582 1891 646 1935 qui
681 1901 759 1925 rem
791 1897 985 1936 paternam
1009 1901 1051 1925 se
1075 1891 1262 1924 adiutrice
1295 1890 1515 1934 perdiderit.
1565 1890 1691 1933 lpsum

279 1942 408 1971 tamen
434 1936 586 1970 fabulae
609 1943 893 1982 argumentum,
919 1936 1018 1981 quod
1043 1936 1135 1970 alibi
1159 1937 1196 1969 in
1223 1936 1392 1981 prologis
1410 1936 1564 1979 exponit
1582 1935 1691 1970 Plau-

285 1987 366 2023 tus,
390 1993 465 2016 non
490 1989 663 2023 enarrat,
694 1982 760 2016 sed
795 1982 989 2016 auditores
1022 1982 1069 2015 ad
1099 1991 1247 2015 scenam
1272 1986 1488 2025 sequentem
1515 1980 1694 2026 ablegan-

282 2033 365 2068 tur,
391 2027 455 2062 ubi
480 2027 669 2072 expositio
686 2027 898 2073 argumenti
921 2027 1030 2072 longe
1046 2027 1365 2062 accommodatius
1384 2027 1542 2060 duorum
1560 2036 1690 2060 senum

280 2073 473 2118 colloquio
493 2073 719 2107 continetur.
770 2074 812 2109 V.
837 2076 865 2107 l.
897 2073 1058 2117 Sequere
1080 2073 1159 2107 laac.
1209 2072 1331 2117 Vulgo
1365 2077 1402 2106 et
1433 2072 1549 2106 Codd.
1575 2071 1692 2106 Pali:

281 2129 433 2163 sequere
450 2129 505 2152 me
525 2128 603 2152 mea
615 2128 682 2163 gn.
695 2144 705 2161 ,
730 2119 830 2162 quod
847 2123 968 2152 metro
989 2123 1185 2163 repugnat.
1233 2118 1378 2152 Bonum
1400 2118 1518 2162 igitur
1537 2116 1692 2158 factum,

309 2164 383 2198 uod
402 2163 546 2198 Nonius
566 2174 600 2208 p.
616 2165 694 2198 497.
715 2163 811 2199 hunc
830 2163 943 2198 affert
954 2164 1077 2197 Plauti
1097 2164 1218 2197 locum
1238 2164 1471 2196 emendatius
1489 2163 1692 2206 scriptum:

283 2175 447 2254 gequere
470 2219 514 2243 ae
538 2219 593 2243 me
613 2214 733 2254 gnata
757 2213 829 2243 cet.
877 2209 982 2242 Unde
1006 2208 1186 2242 facillime
1211 2218 1302 2241 vera
1330 2208 1441 2241 lectio
1465 2208 1691 2241 restituitur.

281 2254 492 2298 Vtrumque
516 2264 723 2299 cognomen
747 2254 941 2289 coniunxit
961 2253 1114 2287 Plautus
1139 2254 1176 2287 in
1195 2253 1311 2287 Persa
1328 2254 1392 2295 ΙΙΙ,
1418 2254 1448 2295 l,
1467 2255 1499 2286 4.
1529 2253 1690 2297 Sequere

281 2298 371 2342 hac,
395 2310 475 2333 mea
527 2305 634 2341 nam,
667 2310 722 2333 me
746 2310 826 2334 cum
851 2298 904 2333 dis
927 2298 1137 2333 volentibus.

376 2345 418 2381 V.
438 2347 470 2379 2.
532 2344 628 2379 inem
643 2345 756 2392 sore,
782 2345 951 2385 itineris,
976 2346 1071 2380 viae.
1112 2344 1236 2388 Fingit
1261 2349 1394 2388 poeta,
1430 2342 1541 2388 longe
1566 2353 1690 2377 arces-

281 2391 393 2425 sitam
418 2401 441 2424 a
465 2395 586 2424 matre
608 2390 779 2424 Luxuria
803 2390 921 2424 filiam
951 2390 1139 2434 inopiam,
1174 2389 1335 2423 fortasse
1360 2401 1383 2423 a
1408 2394 1518 2433 porta
1544 2390 1690 2423 Ostien-

282 2436 334 2477 si,
368 2436 432 2470 ubi
466 2435 728 2470 mendicabula
760 2446 964 2479 pauperum
997 2435 1058 2477 (cf.
1093 2446 1208 2480 supra
1240 2436 1286 2468 ad
1313 2436 1458 2479 Captiv.
1478 2435 1513 2475 Ι,
1543 2436 1580 2474 l,
1605 2436 1692 2475 22),

279 2482 380 2516 viam
405 2480 530 2515 facere
555 2481 602 2516 ad
627 2482 740 2515 aedes
760 2481 970 2515 Lesbonici.
1019 2481 1151 2520 Adest,-
1175 2492 1217 2514 en
1238 2481 1328 2515 illae
1344 2486 1429 2514 sunt
1445 2484 1517 2513 cet.
1549 2480 1690 2524 Vulgo:

281 2527 402 2570 αιίεεες
427 2526 507 2561 Item
530 2525 633 2561 illae.
680 2527 801 2571 Saepe
825 2527 880 2561 sic
904 2531 1097 2571 peecatum
1132 2527 1169 2559 in
1196 2526 1318 2560 Plauti
1348 2525 1499 2570 scriptis
1530 2535 1551 2559 a
1576 2525 1690 2558 libra-

279 2573 360 2607 riis.
411 2571 464 2606 Cf.
491 2583 586 2617 quae
610 2583 724 2617 supra
749 2573 912 2606 diximus
941 2572 987 2606 ad
1014 2572 1158 2616 Captir.
1183 2571 1236 2614 ΙΙ,
1263 2573 1303 2612 3,
1335 2571 1384 2605 13.
1410 2590 1449 2596 -—-
1495 2571 1691 2605 Sententia

262 2622 358 2652 test:
391 2618 507 2652 Adest
534 2617 644 2658 finis,
675 2628 786 2663 quem
819 2622 999 2662 exoptas;
1041 2616 1110 2652 hae
1142 2622 1228 2651 sunt
1259 2617 1349 2651 illae
1376 2616 1512 2656 aedes,
1554 2616 1617 2649 ubi
1651 2616 1688 2649 in

279 2667 472 2708 posterum
498 2661 698 2698 habitabis.

371 2709 414 2745 V.
434 2711 466 2743 4.
493 2708 659 2743 Dimissa
683 2709 783 2743 intro
809 2708 939 2753 lnopia
963 2707 1009 2742 ad
1034 2711 1268 2752 spectatores
1293 2716 1332 2740 se
1357 2706 1544 2741 convertit
1562 2706 1688 2740 Luxu·

276 2753 336 2788 ria
361 2758 399 2789 et
422 2754 644 2788 ioculariter
666 2755 878 2799 argumenti
903 2753 1175 2799 expositionem
1209 2753 1383 2793 orditur,
1420 2753 1486 2786 sed
1513 2762 1600 2785 mox
1626 2750 1688 2785 de-

275 2799 391 2834 sistit.
442 2798 497 2833 Ne
523 2799 605 2843 quis
629 2805 738 2834 erret.
760 2827 765 2831 .
786 2799 930 2834 Errare
954 2798 1135 2833 translate
1162 2799 1208 2833 de
1235 2799 1473 2844 ignoratione
1491 2798 1565 2836 rei,
1591 2807 1687 2841 quae

273 2845 413 2890 agitur.
460 2844 662 2891 Subiungit
685 2849 832 2881 autem:
866 2845 907 2880 in
929 2843 1025 2880 viam
1048 2855 1109 2880 vos
1132 2845 1326 2887 deducam,
1356 2848 1534 2888 tanquam
1560 2842 1606 2876 de
1631 2852 1687 2876 er-
