1742 3152
306 279 361 308 ωι
797 259 858 299 De
888 260 1068 310 prosodia
1098 260 1240 299 Plauti.

307 394 330 431 q
361 386 400 417 et
430 390 455 415 u
482 375 692 427 separatim
720 372 939 412 audiantur.
997 372 1110 418 Quod
1134 384 1331 423 nunquam
1349 372 1494 411 factum
1515 385 1602 411 esse
1619 372 1720 421 apud

305 446 510 491 Plautum,
553 443 689 493 quovis
719 441 887 492 pignore
913 441 1042 490 posito
1068 438 1353 478 contenderim.
1412 439 1541 484 Quare
1570 438 1669 477 Rua.
1690 439 1720 486 Ι,

306 515 356 561 3,
385 514 451 550 33.
481 508 710 562 legendum:

422 574 538 623 Qum}
564 574 666 613 mihi
691 574 782 627 spes
810 580 869 613 eet
895 587 975 626 qua
1000 569 1062 611 θιιέ
1091 571 1208 610 velim
1233 569 1395 620 vivet-03

304 647 370 696 qui
397 657 533 683 versus
560 649 620 681 est
647 643 828 680 creticus.
886 641 1026 679 Bacch.
1048 639 1108 686 ΙΙ,
1135 642 1184 685 3,
1213 639 1279 677 65.
1319 671 1323 673 .

421 717 623 768 Quonia'm
653 719 833 762 uidemus
862 717 966 759 aziz-o
998 715 1325 767 ins:'diass1'eri;

305 790 372 828 ubi
397 791 518 841 vulgo
543 790 645 826 male
672 789 871 835 vidimus,
912 800 1030 838 quare
1060 787 1243 835 fuerunt,
1283 785 1350 836 qui
1383 784 1572 836 quoniam
1598 789 1721 822 tetra·

304 857 499 908 syllabum
527 868 615 895 esse
644 856 935 893 existimarent.

808 956 856 1003 D
872 971 899 1002 e
946 970 973 1002 e
989 970 1022 1001 n
1037 955 1091 1001 cl
1106 955 1122 1001 i
1139 954 1207 1001 si.

416 1035 614 1073 Accentus
640 1046 790 1086 quoque
820 1035 1027 1072 inclinatio
1055 1045 1272 1084 quanquam
1304 1033 1431 1084 magis
1468 1031 1516 1069 ad
1548 1042 1719 1082 pronun-

304 1101 436 1140 eiandi
451 1102 772 1141 consuetudinem
791 1109 830 1138 et
843 1101 1047 1139 verborum
1065 1100 1337 1138 struendorum
1350 1100 1542 1137 rationem
1555 1103 1720 1147 spectat,

303 1168 422 1206 habet
449 1182 495 1207 ea
518 1176 646 1207 tamen
675 1169 856 1206 nonnihil
882 1169 1070 1206 momenti
1098 1169 1137 1205 in
1164 1167 1345 1218 prosodia
1374 1179 1523 1218 quoque
1552 1166 1720 1203 scenica.

302 1234 403 1281 Nam
424 1227 541 1287 {luunt
555 1263 567 1284 ‚
595 1242 638 1273 ut
663 1248 778 1284 supra
801 1243 999 1273 ostensum
1017 1241 1097 1281 est,
1126 1236 1272 1272 scenici
1288 1241 1424 1284 poetae
1439 1241 1554 1283 atque
1570 1239 1722 1269 actores

303 1305 415 1355 vulgi
439 1305 664 1354 plerumque
691 1304 1057 1352 pronunciationem
1086 1310 1364 1352 sequerentur3
1392 1313 1470 1339 non
1494 1307 1553 1337 est
1573 1300 1719 1336 miran-

303 1369 417 1418 dum,
447 1377 650 1408 accentum
681 1382 831 1420 quoque
855 1369 1064 1406 verborum
1089 1369 1136 1406 ad
1162 1370 1271 1420 vulgi
1290 1367 1614 1406 consuetudinem
1635 1379 1721 1404 esse

265 1437 269 1440 ’
302 1437 631 1475 accommodatum
661 1438 778 1488 inque
808 1449 853 1473 ea
880 1449 923 1473 re
950 1436 1246 1473 inclinationem
1273 1435 1464 1486 quandam
1500 1446 1580 1472 non
1600 1435 1720 1478 *inau-

302 1503 424 1540 ditam
451 1503 584 1541 fuisse.
643 1503 769 1553 Atque
794 1502 908 1540 huius
937 1503 1211 1540 inclinationis
1227 1504 1448 1551 exemplum
1466 1515 1543 1542 non
1560 1501 1719 1539 dubium

303 1570 457 1607 obviam
485 1576 546 1607 est
573 1571 613 1606 in
641 1571 779 1607 vocula
805 1569 986 1621 quidem,
1028 1576 1125 1620 quae
1162 1577 1202 1607 et
1238 1582 1432 1619 nunquam
1468 1569 1721 1618 praeponitur

303 1637 534 1683 enunciato,
577 1636 643 1673 sed
671 1637 740 1673 uni
770 1643 836 1674 aut
866 1637 1040 1687 pluribus
1067 1636 1198 1674 verbis
1237 1638 1505 1687 postponitur,
1551 1642 1590 1673 et
1618 1634 1718 1684 apud

302 1702 483 1741 Plautum
520 1709 635 1753 atque
669 1701 900 1741 Terentium
937 1715 1050 1754 saepe
1087 1715 1156 1753 pro
1191 1703 1462 1755 monosyllaba
1488 1710 1548 1741 est
1574 1710 1613 1740 et
1639 1716 1716 1741 non

300 1781 389 1809 raro
428 1777 616 1820 sequente
657 1771 785 1807 vocali
827 1777 911 1808 tota
945 1770 1128 1819 eliditur,
1171 1772 1256 1809 sive
1292 1783 1379 1809 cum
1406 1777 1594 1822 sequente
1623 1783 1717 1808 voce

300 1837 497 1875 coalescit.
556 1834 656 1873 Rud.
680 1835 720 1882 Ι,
755 1838 797 1882 l,
826 1838 864 1874 3.

411 1903 470 1942 Ne
497 1900 740 1941 drssrmiessntes
768 1901 925 1955 quidem
953 1901 1093 1944 simin!
1119 1901 1342 1956 quie'scere.

299 1967 413 2008 Trin.
438 1969 476 2017 Ι,
506 1971 554 2016 2,
582 1971 650 2008 2⁰.
820 1971 822 1973 ’

284 2047 286 2049 ·
410 2025 515 2064 Dum
543 2025 699 2076 quidem
722 2025 857 2065 Ιιένσίε
883 2025 1011 2065 tecum
1039 2025 1164 2080 mipta
1191 2025 1267 2075 sit,
1297 2025 1395 2065 εαηό
1420 2026 1542 2064 velim

297 2090 460 2130 Terent.
485 2091 662 2130 Eunuch.
687 2092 724 2140 l,
756 2097 801 2142 Ι,
831 2094 869 2132 5.

414 2158 464 2196 Sa·
490 2158 646 2209 quidem
675 2158 810 2198 hercle
825 2159 988 2213 pthisis,
1017 2159 1082 2199 m‘l
1097 2157 1244 2212 priris,
1269 2173 1393 2211 neque
1404 2155 1581 2209 fiio-tius.

297 2222 450 2262 Curcul.
478 2223 516 2271 Ι,
547 2225 594 2272 3,
625 2226 691 2263 55.

413 2289 461 2329 Si
478 2290 635 2343 quidem
655 2291 791 2330 hercl&
810 2292 912 2332 mihi
934 2291 1107 2347 re'gnum·
1123 2291 1265 2340 abner,
1290 2291 1494 2346 utinquam
1520 2292 1563 2331 id
1578 2290 1715 2346 potius

1120 2359 1362 2414 persequar.

295 2422 456 2463 Terent.
483 2425 604 2464 Andr.
627 2425 666 2472 Ι,
695 2428 743 2474 3,
774 2428 841 2465 20.

407 2489 515 2530 Milan·
535 2492 690 2544 quidem
712 2492 849 2533 lach-cle
871 2490 950 2534 min
969 2494 1029 2543 fit
1052 2493 1298 2542 ve'rise‘mile,
1329 2502 1446 2549 atque
1475 2497 1578 2547 Ipsis
1606 2489 1712 2534 edm-

1126 2560 1295 2602 mentam
1314 2563 1465 2616 placet.

294 2622 405 2662 Trin.
431 2623 489 2672 ΙΙ,
518 2627 568 2675 4,
601 2626 694 2666 158.

352 2692 463 2730 Meus
487 2694 646 2746 quidem
670 2693 806 2733 lua-clo
830 2692 1035 2750 utinquam
1047 2695 1146 2746 fe'et.
1208 2695 1258 2737 Sl
1283 2698 1422 2750 sapide
1446 2703 1629 2755 quidelm·

294 2757 361 2795 ubi
388 2766 518 2798 tamen
547 2762 805 2801 omittendum
835 2765 970 2802 censui
998 2766 1105 2815 prius
1124 2765 1306 2819 quidem,
1336 2768 1438 2819 quod
1461 2783 1575 2822 saepe
1598 2771 1710 2810 addi-

293 2832 376 2864 tum
405 2838 428 2864 a
457 2827 629 2869 librariis
656 2831 843 2880 suspicor.
900 2828 1061 2870 Trucul.
1086 2831 1144 2878 ΙΙ,
1170 2835 1220 2881 6,
1250 2834 1315 2872 54.
