1742 3152
221 251 279 293 vo
760 232 1104 291 carrivonvu

487 357 777 404 ACTVS
834 358 923 404 lvi·
998 359 1286 405 SGENA
1342 362 1374 403 l.

697 420 1177 510 Ergasilos.

223 532 406 605 Iiipiter
434 553 637 605 supreme,
667 565 805 592 servas
835 554 918 604 me,
949 564 1134 604 measque
1164 553 1289 601 auges
1320 563 1428 603 opes.

224 608 437 649 Maixumas
468 608 686 661 opimitates
717 609 979 663 opipurasque
1009 608 1127 648 offers
1158 607 1266 647 mihi.

225 666 422 717 Laudem,
452 665 626 717 lucrum,
655 664 809 717 ludiim,
839 666 989 716 iocum,
1020 664 1289 714 festivitatem,
1319 661 1464 716 serias,

223 721 430 775 Pompam,
462 735 624 775 penum,
654 722 893 776 postiliones,
923 722 1184 771 saturitatem,
1214 721 1415 772 gaiidium.

170 779 197 819 5
226 778 310 818 Neo
341 779 550 833 quoiquam
579 779 724 819 homini
755 780 981 833 supplicare
1011 781 1072 820 me
1103 791 1206 817 nunc
1237 787 1383 817 eertum
1415 778 1475 815 est
1504 775 1619 828 milii3

225 835 325 875 Nam
358 838 543 888 prodesse
572 836 697 876 amieo
729 850 907 890 possum,
936 835 1000 877 vel
1031 833 1230 876 inimicum
1261 835 1439 887 perdere.

234 891 292 932 lta
323 892 386 932 hie
416 906 477 933 mo
505 893 736 934 amoenitate
765 906 931 934 amoena
958 895 1147 933 amoenus
1177 891 1352 932 oneravit
1380 889 1480 930 dies-

319 1002 432 1037 Redit
456 1003 651 1050 Ergasilus
675 1003 862 1049 parasitus
886 1013 909 1038 a
932 1006 1069 1048 portu,
1102 1001 1166 1036 ubi
1193 1011 1304 1046 quum
1330 999 1473 1045 aliquid
1507 1007 1647 1034 coenae

229 1053 436 1093 venaturus
461 1054 578 1092 esset,
605 1055 757 1094 praeter
780 1061 796 1083 s
826 1059 884 1083 em
909 1055 1022 1094 atque
1047 1047 1367 1091 exspectationem
1387 1056 1514 1091 regem
1537 1054 1646 1078 suum

228 1092 551 1139 Philopolemum,
586 1096 770 1139 Hegionis
794 1060 936 1136 Elium,
969 1105 1053 1129 cum
1086 1093 1302 1128 Philocrate
1345 1097 1384 1125 et
1418 1102 1528 1124 servo
1563 1090 1645 1124 Sta·

227 1138 376 1183 lngmo,
402 1140 466 1185 qui
489 1151 620 1175 servus
647 1142 829 1186 Hegionis
854 1140 945 1175 olim
973 1139 1096 1173 filium
1131 1139 1367 1183 quadrimum
1395 1137 1647 1180 surripuerat,

228 1186 448 1225 redeuntem
475 1196 522 1221 ex
547 1186 656 1220 Alide
681 1187 835 1220 invenit.
860 1205 902 1211 —
946 1186 1018 1219 Hic
1049 1190 1262 1228 temporum
1298 1183 1396 1216 ratio
1423 1181 1646 1225 quibusdam

229 1241 302 1263 non
329 1236 503 1265 constare
531 1232 614 1266 visa
644 1236 714 1265 est.
781 1232 828 1265 Et
860 1240 968 1273 sane,
1004 1231 1174 1275 quamvis
1207 1229 1270 1261 rix
1305 1228 1433 1261 decem
1469 1226 1648 1259 milliaria.

227 1274 483 1322 geographica
516 1277 564 1311 ab
606 1286 674 1311 ora
707 1277 878 1311 Aetoliae
911 1276 1104 1310 maritima
1139 1275 1176 1307 in
1220 1273 1368 1307 Elidem
1411 1271 1649 1306 conficienda

228 1326 371 1366 essenffi
406 1326 533 1356 tamen
564 1332 647 1356 cum
682 1322 738 1356 rei
773 1321 941 1368 agendae
974 1325 1123 1366 tempus
1155 1319 1265 1353 unius
1299 1318 1374 1352 diei
1406 1318 1534 1362 spacio
1560 1328 1646 1350 con-

228 1366 341 1400 tineri
367 1365 556 1412 fingatur,
589 1366 848 1410 Philocrates,
880 1367 943 1411 qui
967 1372 1052 1401 actu
1078 1366 1243 1399 secundo
1276 1364 1499 1405 dimittitur,
1534 1373 1648 1407 quan-

226 1412 367 1446 tumvis
400 1412 638 1447 velocissima
668 1413 797 1447 celoce
826 1418 976 1455 vectus,
1015 1422 1111 1446 nune
1143 1411 1217 1444 iam
1252 1411 1371 1443 redux
1407 1408 1528 1442 factus
1565 1417 1648 1441 esse

228 1467 303 1491 non
337 1461 481 1502 potest,
521 1459 745 1504 praesertim
779 1469 891 1504 quum
924 1458 962 1491 in
996 1457 1104 1491 Elide
1138 1456 1184 1490 de
1216 1454 1464 1499 Philopolemi
1500 1454 1645 1487 redem-

227 1503 357 1548 ptione
381 1504 500 1538 multa
525 1510 650 1538 essent
674 1503 889 1549 peragenda
914 1509 952 1537 et
976 1502 1245 1547 componenda.
1293 1501 1386 1540 Sed,
1412 1505 1455 1533 ut
1478 1499 1543 1532 alii
1569 1500 1642 1531 iam

227 1554 475 1591 monuerunt,
499 1559 572 1583 non
600 1553 680 1591 est,
705 1549 804 1594 quod
832 1554 982 1594 poetam
1003 1548 1060 1582 his
1080 1553 1293 1590 temporum
1310 1545 1450 1579 finibus
1470 1554 1643 1578 coercea-

228 1603 328 1636 mus,
358 1595 522 1628 maxime
546 1596 593 1629 in.
609 1593 758 1628 theatro
783 1596 974 1635 Romano,
999 1594 1062 1627 ubi
1083 1591 1300 1638 plebeculae
1322 1591 1393 1624 iste
1415 1589 1645 1623 Graecarum

226 1639 424 1684 regionum
449 1640 544 1674 situs
567 1639 648 1680 sine
674 1639 787 1674 dubio
812 1640 964 1685 ignotus
990 1643 1082 1672 erat.
1134 1637 1352 1682 Lessingius
1378 1636 1530 1680 quidem
1558 1645 1646 1679 opp.

226 1685 460 1718 tom.XXll.
494 1683 564 1719 hoc
597 1685 746 1719 nomine
790 1685 965 1719 Plautum
1009 1683 1251 1717 vehementer
1293 1682 1505 1725 vituperat,
1547 1679 1648 1724 quod

227 1734 440 1774 temporum
473 1729 667 1775 spaciique
702 1731 888 1764 rationem
927 1729 1130 1771 evertet-in
1164 1728 1230 1761 sed
1263 1727 1328 1760 ille
1362 1727 1461 1770 ipsc,
1505 1727 1561 1758 vir
1601 1725 1649 1760 de

227 1776 377 1810 scenica
401 1777 626 1810 nostratium
655 1776 760 1821 poesi
784 1777 899 1810 immo
925 1775 1054 1809 taliter
1079 1775 1256 1814 meritus,
1292 1772 1477 1806 eiusmodi
1505 1777 1648 1815 tempo·

225 1821 281 1855 ris
314 1821 507 1867 spat-iique
540 1823 705 1855 rationes
737 1822 775 1855 in
808 1786 938 1856 fabufa
980 1831 1052 1854 non
1093 1820 1295 1853 admodum
1329 1817 1513 1851 curandas
1548 1827 1643 1858 esse,

227 1865 340 1901 modo
374 1876 435 1901 res
466 1867 548 1910 ipsa
582 1871 620 1900 et
647 1866 798 1901 fabulae
830 1867 930 1901 actio
955 1866 1030 1900 sibi
1062 1870 1230 1905 constet,
1290 1863 1480 1897 lauissime
1514 1866 1648 1905 postea

227 1912 368 1946 docuit.
394 1931 435 1937 —
463 1912 638 1946 Ceterum
665 1912 921 1957 Stalagmum,
947 1921 1097 1945 servum
1123 1911 1237 1943 istum
1282 1909 1488 1953 ugitivum,
1520 1906 1645 1940 Philo-

176 1980 178 1982 ·
227 1956 400 2003 polemus
423 1958 462 1991 in
489 1957 597 1992 Elide
617 1957 715 1992 haud
736 1957 849 1991 dubie
866 1958 942 1991 iam
958 1962 1044 1990 ante
1065 1955 1291 1990 Philocratis
1310 1954 1512 1988 adventum
1533 1963 1650 1996 agno·

225 2007 335 2036 verat
361 2007 399 2037 et
425 2003 509 2047 capi
537 2004 718 2044 iusserat,
754 2004 851 2038 unde
884 2013 981 2037 nunc
1015 2001 1167 2046 quidem
1201 2001 1368 2035 vinctum
1402 2008 1486 2032 eum
1520 2007 1647 2032 secum

228 2044 420 2083 adducere
445 2047 558 2082 facile
589 2049 723 2093 potuit.
824 2048 829 2051 “

321 2093 380 2128 De
404 2099 526 2128 metro
551 2095 719 2146 priorpm
753 2097 934 2138 quattuor
966 2101 1142 2126 versuum
1177 2089 1224 2125 cf.
1257 2090 1494 2124 Hermannus
1529 2088 1648 2121 Elem.

228 2137 348 2174 doctr.
374 2144 484 2173 metr.
509 2141 644 2184 p.1.67.
704 2139 772 2173 Ubi
808 2138 904 2172 hunc
937 2138 1059 2172 locum
1094 2138 1195 2170 inter
1233 2135 1407 2179 exempla
1440 2135 1559 2167 citans
1594 2135 1648 2167 sic

226 2183 315 2218 ille:
343 2183 548 2228 singulare
572 2190 645 2226 est,
671 2184 771 2228 quod
790 2194 917 2228 saepe,
943 2183 1006 2216 ubi
1027 2184 1087 2216 vel
1111 2180 1337 2214 enumeratio
1359 2179 1489 2222 aliqua
1515 2180 1647 2211 ›nutta-

228 2238 311 2266 rum
333 2238 458 2264 reram
481 2229 540 2264 vel
562 2229 642 2264 alia
659 2228 853 2274 descriptio
868 2227 1045 2274 ponitur,
1070 2225 1211 2260 nuttriri
1228 2235 1399 2259 numerus
1415 2225 1516 2257 solet.
1554 2225 1648 2257 Sunt

230 2274 329 2308 enim
353 2274 508 2310 iambici
541 2274 616 2310 duo
649 2275 882 2320 posteriores
914 2283 1068 2313 versus,
1103 2281 1215 2316 quum
1242 2281 1264 2304 a
1288 2268 1491 2303 trochaicis
1523 2269 1646 2301 oratio

229 2320 429 2364 coepisset.
478 2319 568 2354 lnde
592 2320 731 2355 iterum
758 2317 954 2354 trochaici.
1002 2317 1077 2353 Sed
1101 2317 1189 2350 inde
1214 2327 1237 2350 a
1258 2326 1368 2349 versu
1389 2326 1485 2348 nono
1507 2315 1646 2347 iterum

231 2363 387 2400 iambici
411 2364 607 2410 incipiunt.
634 2384 677 2392 —-
715 2365 822 2401 Alter
854 2363 964 2399 huius
987 2372 1121 2398 scenae
1147 2371 1277 2395 versus
1310 2362 1452 2395 citatur
1476 2370 1499 2393 a
1525 2359 1646 2393 Nonio

230 2420 267 2456 p.
288 2408 366 2445 146.
391 2420 426 2445 V.
456 2409 649 2456 Opimitas.
701 2409 840 2456 Pompa
869 2415 911 2444 ut
943 2413 1047 2444 recte
1074 2407 1220 2441 notavit
1245 2405 1435 2446 Bosscha,
1467 2405 1647 2449 intelligi·

227 2455 294 2492 tor
318 2457 366 2491 de
389 2456 450 2491 lon
480 2468 502 2492 a
525 2455 754 2492 ferculorum
773 2456 893 2496 serie,
918 2460 959 2490 ut
979 2455 1016 2489 in
1035 2453 1135 2488 ludis
1156 2452 1394 2486 Circensibus
1415 2450 1644 2483 ferculorum

227 2506 400 2547 pompae.
452 2501 548 2536 Nom
575 2502 756 2548 prodesse.
813 2500 934 2546 Vulgo
967 2509 1050 2535 nam
1083 2499 1141 2533 ve!
1174 2499 1366 2543 prodesse,·
1400 2496 1499 2541 quod
1534 2505 1648 2540 quum

227 2552 352 2582 metro
387 2547 490 2583 obsit
524 2552 563 2582 et
595 2548 790 2583 commode
822 2547 955 2581 abesse
989 2546 1131 2591 possit,
1176 2545 1366 2578 eiecimus.
1423 2541 1649 2575 Amoettu'mee

229 2599 382 2628 amoena
406 2601 586 2628 amoenus.
638 2593 796 2628 Dicendi
821 2591 1049 2633 artificium,
1076 2590 1121 2624 de
1147 2600 1220 2632 quo
1245 2599 1359 2634 supra
1383 2587 1429 2621 ad
1451 2587 1501 2627 ll,
1527 2587 1567 2626 3,
1590 2587 1647 2620 49.

211 2636 419 2682 diximus,
444 2649 517 2674 non
536 2636 753 2684 infrequens
771 2638 920 2674 Plauto.
948 2638 1052 2672 Adde
1071 2634 1255 2680 Amphitr.
1275 2635 1303 2677 l,
1326 2636 1356 2676 l,
1377 2634 1453 2667 122.
1489 2630 1647 2676 optumo

227 2689 603 2775 3{;“2‘:}.‘23255‘.⁰²⁰‹’2'}.
623 2695 771 2766 ‘3²:532‘
791 2678 1648 2764 aitands&„Cxffilalllant’⁸2?a.0.f÷‘:³³.'5:!

226 2775 295 2809 tini
334 2776 476 2811 inserta
507 2775 640 2811 Museo
674 2775 850 2811 Rhenano
880 2775 953 2817 lll,
985 2774 1025 2816 3,
1058 2783 1093 2818 p.
1111 2773 1176 2806 324
1192 2781 1296 2817 seqq.
1353 2768 1646 2814 Compositionis

226 2820 435 2864 eiusmodi,
474 2821 596 2867 qualis
630 2826 687 2857 est
721 2822 758 2856 ln
793 2820 919 2856 verbis
963 2818 1164 2854 amoenitas
1197 2826 1372 2858 amoena,
1416 2813 1589 2866 exempla
1625 2822 1646 2846 e

225 2865 366 2902 Plauto
390 2868 582 2914 congessit
605 2866 812 2903 Lambinus
836 2866 885 2902 ad
908 2864 1004 2901 hunc
1028 2864 1174 2907 locum,
1199 2862 1340 2898 veluti:
1373 2860 1473 2896 nitor
1495 2858 1647 2899 umidus,
