1742 3152
225 207 313 249 262
781 206 912 278 'mlx
919 206 1101 246 vinus

227 317 282 358 'ld
313 332 373 359 me
404 318 725 365 commissurum,
765 323 807 358 ut
837 318 963 370 patiar
993 317 1106 365 sieri,
1148 330 1197 356 ne
1227 317 1395 358 animum
1427 319 1644 365 induxeris.

233 375 333 426 Quis
362 389 423 415 me
453 375 665 427 improbior
696 373 946 426 perhibeatur
976 374 1095 414 esse?
1140 373 1248 413 Haec
1278 375 1523 427 famigeratio

149 427 206 469 80
234 432 296 471 Ἰἰέ
327 434 525 481 hom-stou,
556 444 616 470 me
647 430 882 479 conlocabit,
913 430 949 470 si
977 444 1065 470 etim
1095 432 1181 470 dote
1212 430 1404 472 duxerim.

162 511 171 517 »
232 488 326 527 Tibi
357 488 407 527 sit
437 488 734 527 emolumentum
765 486 944 534 honoris3
975 486 1088 537 mihi,
1128 489 1228 540 quod
1260 487 1472 539 obiectent,
1503 489 1591 532 sio-t.

231 542 299 585 St.
328 544 415 584 Νόιι
438 545 539 584 enim
561 557 717 596 possum
744 543 836 597 quin
858 543 1098 584 exclamem:
1130 557 1252 591 euge,
1283 545 1406 595 euge,
1438 546 1647 599 Lysiteles,

1064 594 1203 640 πᾶλιν.

229 656 365 696 ῩιίοἰΙο
395 656 560 709 palmam
591 655 737 704 habent,
766 654 1008 705 hic'.victus;
1038 657 1130 696 vicit
1160 665 1223 695 lua
1254 656 1468 698 comoedia.

233 712 307 752 Hic
337 714 419 762 agit
449 711 576 763 magis
605 725 658 751 ex
687 713 937 764 argumento,
969 721 1006 752 et
1035 716 1174 752 versus
1207 712 1386 752 meliores
1416 712 1522 754 facil.

148 760 203 800 85
232 766 372 809 'Etiam
404 764 452 808 oli
483 768 684 808 stultitiam
715 776 817 808 tunm
849 777 885 810 te
917 769 1068 809 tueris?
1112 769 1268 808 multam
1299 770 1493 823 abomins.

232 822 314 865 Le.
346 825 449 874 Quid
479 825 548 865 tibi
578 824 838 877 interpvnainio
868 835 935 866 aut
965 827 1002 864 in
1027 826 1233 865 concilium
1258 826 1332 865 hue
1353 825 1531 866 accessio
1557 827 1646 867 est?

234 878 301 923 Sl.
331 882 477 922 Eodem
508 887 643 934 pacto,
684 895 760 935 quo
790 883 866 923 lnic
895 883 1070 930 accessi,
1112 885 1359 930 κίκι-«ἔικτο.
1417 879 1497 925 Le.
1528 882 1544 922 l
1574 885 1648 924 hac

1067 940 1216 979 monim
1250 940 1427 991 domum,

232 990 453 1046 Ly'siteles3
482 992 536 1032 ibi
569 995 615 1034 de
644 993 731 1034 istis
761 995 879 1034 rebus
910 994 1023 1047 plura
1051 994 1328 1035 fabulzibimur.

205 1090 224 1101 ,
239 1047 315 1102 lay.
338 1049 444 1090 Nihil
465 1063 540 1101 ego
557 1050 596 1089 in
615 1050 767 1090 occulto
787 1050 906 1102 rigere
926 1051 1055 1101 soleo3
1079 1053 1188 1092 meus
1202 1058 1243 1091 ut
1257 1051 1438 1098 animust,
1462 1050 1646 1103 eloquar:

79 1132 82 1135 -
148 1093 206 1135 90
234 1105 279 1145 Si
308 1105 399 1145 mihi
431 1114 497 1146 tua
525 1107 658 1156 soror,
687 1114 730 1146 ut
759 1120 833 1158 ego
863 1120 1026 1160 aequom
1057 1110 1219 1155 censeo,
1264 1107 1318 1146 ita
1348 1108 1506 1158 nuptum
1537 1110 1649 1146 datur

231 1162 327 1202 Sine
344 1165 444 1212 dote,
465 1177 590 1216 neque
611 1169 652 1203 tu
669 1163 758 1202 hinc
776 1163 990 1214 abiturn's3
1017 1165 1117 1217 quod
1133 1177 1258 1215 meum
1279 1163 1366 1214 erit,
1387 1163 1424 1202 id
1436 1163 1512 1217 gerit
1527 1171 1647 1203 tuum.

232 1270 254 1293 a
281 1259 479 1302 superiore
505 1265 555 1293 ul.
605 1261 779 1295 Ceterum
815 1261 861 1295 de
894 1261 1046 1295 notione
1071 1262 1174 1295 vocis
1199 1260 1245 1295 cf.
1271 1261 1370 1306 quod
1401 1271 1516 1305 supra
1540 1266 1644 1295 nota-

230 1310 310 1338 tum
337 1308 396 1337 est
419 1304 465 1338 ad
492 1306 598 1340 'ru-in.
615 1306 669 1346 ll,
696 1308 738 1347 2,
762 1308 819 1340 48.
870 1306 911 1340 V.
930 1308 987 1340 79.
1012 1308 1067 1340 8⁰.
1094 1308 1149 1340 81.
1184 1308 1233 1340 lli
1266 1313 1342 1340 tres
1375 1316 1505 1340 versus
1529 1307 1643 1352 vulgo

233 1350 509 1384 desiderantur.
560 1351 758 1395 Leguntur
784 1361 873 1385 vero
900 1356 996 1384 teste
1024 1351 1162 1386 Bothio
1199 1353 1236 1385 in
1271 1352 1360 1386 Cod.
1387 1351 1464 1386 Pal.
1498 1353 1559 1396 qui
1587 1358 1644 1387 est

234 1395 455 1429 decurtatus
486 1395 571 1437 ille,
609 1406 718 1440 quem
755 1397 847 1431 dicit
880 1397 1033 1430 l'areus.
1083 1398 1279 1443 Leguntur
1308 1407 1456 1442 quoque
1491 1398 1527 1430 in
1553 1398 1645 1432 cod.

233 1440 339 1485 Lips.
365 1440 428 1473 ubi
455 1441 615 1475 alterum
644 1441 919 1477 hemistichium
944 1443 997 1476 sic
1023 1441 1200 1476 habetur:
1227 1448 1260 1476 et
1283 1443 1316 1477 si
1332 1453 1413 1477 cum
1433 1443 1512 1476 dote
1531 1443 1642 1477 eluxe-

234 1485 307 1526 ris,
339 1495 456 1529 quare
479 1487 613 1530 scripsi
639 1487 797 1521 dudum:
829 1487 862 1522 si
893 1498 974 1522 cum
999 1488 1083 1522 dote
1108 1488 1293 1530 duxeram,
1326 1499 1408 1524 cum
1435 1489 1518 1522 edd.
1551 1493 1642 1523 vett.

231 1530 453 1575 plerumque
487 1531 710 1566 exhibeant:
749 1533 784 1566 si
811 1533 889 1567 sine
924 1533 1004 1567 dote
1029 1533 1199 1575 duxeris,
1240 1544 1308 1578 pro
1343 1534 1476 1577 quibus
1510 1534 1640 1568 Herm.

232 1577 457 1620 scripserat:
491 1577 526 1611 si
558 1587 625 1622 ego
660 1577 721 1611 abs
752 1584 786 1612 te
820 1589 953 1622 agrum
979 1579 1192 1623 acceperim.
1243 1578 1492 1612 Vehementer
1515 1583 1641 1612 autem

232 1622 402 1656 ioculare
427 1626 502 1663 est,
528 1623 627 1666 quod
643 1623 836 1667 Lysiteles
849 1648 859 1663 ‚
883 1634 979 1668 quae
998 1635 1111 1668 supra
1130 1624 1279 1657 dixerat
1295 1623 1537 1665 Lesbonicus,
1557 1634 1641 1668 pro-

232 1667 435 1711 pemodum
461 1667 508 1701 ad
534 1668 688 1701 verbum
716 1669 872 1713 repetit,
904 1669 969 1708 sed
996 1670 1032 1703 in
1058 1679 1162 1703 suam
1188 1669 1412 1703 sententiam
1440 1669 1603 1704 detorta.

326 1712 370 1746 V.
389 1713 445 1745 82.
475 1712 658 1746 Stasimus
682 1714 823 1758 gaudio
848 1724 888 1747 se
910 1716 1104 1748 continere
1123 1724 1167 1747 ne
1197 1715 1273 1756 uit,
1298 1724 1409 1758 quum
1430 1714 1641 1758 Lysitelem
1684 1716 1688 1725 '

235 1757 342 1801 equis
367 1756 535 1802 velisque
564 1758 767 1792 enitentem
794 1759 918 1800 videt,
951 1769 996 1793 ne
1032 1759 1179 1793 Lesbon
1200 1771 1263 1793 cus
1288 1770 1419 1804 agrum
1444 1759 1583 1804 prodat
1604 1765 1643 1795 et

234 1802 275 1835 in
309 1801 481 1836 militiam
516 1813 675 1848 peregre
709 1804 834 1838 abeat.
890 1805 988 1838 Suae
1013 1806 1110 1838 enim
1140 1805 1240 1838 vitae
1265 1806 1428 1838 maxime
1452 1807 1579 1846 timet,
1609 1806 1642 1839 si

232 1846 457 1881 militantem
485 1846 614 1882 herum
640 1855 831 1893 sequatur.
890 1850 995 1884 Unde
1026 1850 1063 1883 in
1096 1850 1248 1895 plausus
1281 1851 1467 1894 erumpit,
1501 1855 1642 1884 monet-

233 1901 306 1936 que
330 1892 560 1936 Lysitelem,
587 1898 627 1927 ut
651 1895 766 1928 instet
791 1899 829 1928 et
851 1894 989 1928 iterum
1014 1895 1228 1939 iterumque
1247 1895 1496 1929 Lesbonicum
1518 1894 1643 1929 horte·

231 1942 306 1971 tur.
356 1938 498 1972 Verba:
523 1949 593 1972 non
619 1940 714 1973 enim
731 1950 876 1984 possum
894 1959 935 1965 --
955 1941 1153 1975 exclamem
1178 1939 1291 1974 affert
1306 1941 1437 1975 Cicero
1463 1942 1500 1974 in
1526 1941 1571 1974 ll.
1598 1942 1645 1975 de

233 1986 407 2023 oratore,
435 1985 486 2017 lo.
538 1983 595 2017 De
624 1985 812 2029 particula
836 1985 931 2019 enim
956 1985 1004 2020 cf.
1030 1991 1161 2020 notata
1185 1986 1232 2020 ad
1259 1986 1339 2019 Mil.
1361 1987 1408 2027 11,
1432 1986 1466 2026 5,
1497 1987 1536 2021 19
1583 1986 1643 2021 Vi-

232 2027 285 2061 cit
309 2033 374 2062 tua
397 2029 590 2063 comoedia.
640 2030 856 2064 'translatio
875 2037 999 2065 sumta
1018 2042 1039 2065 a
1059 2037 1172 2076 poeta
1188 2032 1361 2074 Comicu,
1388 2031 1450 2075 qui
1476 2033 1642 2065 carmine

230 2072 381 2117 publice
406 2074 510 2108 edito
533 2074 644 2108 alteri
671 2076 831 2119 palmam
859 2077 985 2120 eripit.
1043 2077 1235 2111 Sententia
1267 2081 1345 2110 est:
1386 2080 1426 2110 tu
1458 2077 1562 2110 illum
1589 2078 1643 2111 vi·

231 2118 342 2160 cisti,
382 2123 423 2152 tu
456 2129 540 2153 eum
574 2121 807 2165 argumentis
841 2122 916 2154 tuis
950 2121 1166 2155 confutasti.
1224 2123 1346 2164 Quum
1384 2131 1475 2155 vero
1508 2127 1643 2166 poetae

231 2173 345 2208 saepe
378 2165 492 2197 etiam
529 2169 678 2199 actores
713 2165 925 2199 fabularum
957 2177 1108 2200 suarum
1134 2166 1297 2208 fuerint3
1338 2166 1375 2199 in
1400 2168 1642 2211 sequentibus

231 2208 279 2242 ad
305 2212 472 2242 actorem
498 2207 679 2247 transfert
703 2212 923 2245 orationem.
983 2212 1071 2245 ldeo
1107 2213 1260 2245 multam
1293 2210 1459 2244 abomina
1490 2212 1640 2245 subiun-

231 2253 303 2298 git.
351 2253 478 2287 Poena
503 2255 600 2287 enim
634 2253 899 2289 afficiebantur
931 2255 1153 2297 histriones,
1188 2256 1250 2300 qui
1287 2255 1507 2301 plerumque
1540 2258 1641 2291 servi

233 2302 362 2340 eram,
388 2299 419 2331 si
445 2299 482 2331 in
502 2308 614 2332 scena
640 2309 715 2333 rem
743 2311 814 2333 non
840 2301 933 2334 satis
957 2301 1003 2334 ad
1030 2300 1110 2334 heri
1135 2306 1285 2346 gustum
1313 2306 1351 2334 et
1380 2301 1549 2346 plausum
1577 2313 1640 2347 po·

230 2342 309 2387 puli
342 2343 558 2388 gessissent.
615 2344 790 2379 Ceterum
825 2345 862 2378 in
898 2346 939 2381 V.
975 2347 1014 2380 C.
1048 2347 1147 2380 Cam.
1176 2346 1316 2391 legitur
1342 2357 1374 2380 v.
1392 2347 1448 2379 85.
1482 2353 1581 2381 tuam
1607 2353 1642 2382 te

231 2387 332 2421 curis
355 2390 475 2423 mulla
499 2387 667 2423 abonu‘na
691 2394 788 2424 teste
812 2390 955 2432 Pareo,
993 2396 1031 2424 et
1058 2393 1094 2426 in
1120 2392 1210 2425 Cod.
1239 2392 1328 2426 Dec.
1364 2396 1464 2425 tuam
1490 2398 1523 2426 ee
1547 2393 1642 2427 turis

229 2434 348 2467 multa
373 2434 428 2468 ab.
477 2434 700 2469 Emendavit
728 2435 887 2470 Palmer.
921 2436 1043 2482 spicil.
1074 2447 1157 2481 pag.
1174 2437 1253 2471 659.
1279 2455 1323 2462 -
1372 2437 1415 2472 V.
1433 2438 1489 2472 86.
1520 2437 1640 2472 Inter·

226 2478 387 2524 pellatia
412 2498 455 2505 —
481 2479 662 2520 accessio:
701 2481 935 2515 substantiva
967 2482 1135 2515 verbalia
1169 2492 1237 2528 pro
1271 2482 1421 2524 verbis,
1457 2488 1499 2517 ut
1527 2494 1640 2528 saepe

229 2522 398 2558 Plautus.
448 2524 575 2559 Veluti
601 2526 711 2560 'l'ruc.
731 2526 780 2567 ll,
806 2529 845 2566 7,
869 2527 925 2560 (il.
958 2526 1058 2569 Quid
1081 2527 1150 2561 tibi
1179 2527 1249 2561 hue
1272 2527 1391 2563 ventio
1422 2529 1498 2562 ese!
1542 2529 1643 2571 Quid

231 2569 301 2603 tibi
322 2569 416 2604 Ιιαηι·
442 2570 556 2604 aditio
582 2571 660 2604 est?
702 2570 803 2613 Quid
825 2572 893 2606 tibi
915 2572 1009 2607 Ιιαηι·
1040 2572 1139 2607 ‚nolio
1166 2574 1242 2607 est?
1285 2574 1341 2606 Ex
1367 2584 1439 2618 quo
1465 2575 1640 2619 exemplo

229 2615 340 2648 simul
367 2619 490 2660 patet,
515 2616 628 2650 etiam
655 2627 780 2651 casum
807 2618 914 2652 verbi
938 2620 1076 2664 apponi
1102 2617 1218 2651 fuisse
1245 2618 1281 2651 in
1307 2629 1387 2652 usu.
1447 2619 1501 2653 ef.
1527 2620 1639 2654 Parei

230 2659 341 2693 lexic.
367 2661 404 2693 in
430 2661 634 2700 Mantissa.
659 2662 828 2697 verbalia
852 2663 889 2696 in
915 2662 971 2697 io.
1026 2663 1129 2698 Adde
1152 2663 1288 2698 Donat.
1315 2664 1361 2697 ad
1386 2664 1540 2699 Terent.
1567 2666 1639 2699 Eu-

227 2702 337 2739 nuch.
357 2704 428 2748 lv,
453 2708 494 2748 4,
519 2709 551 2740 4.
579 2705 798 2742 Abscessero.
857 2706 911 2742 Cf.
942 2711 1073 2742 notata
1104 2708 1151 2743 ad
1185 2709 1328 2754 Captiv.
1355 2708 1409 2750 ll,
1442 2712 1484 2752 2,
1509 2710 1566 2744 6⁴.
1595 2727 1638 2736 -—

227 2748 273 2797 V.
292 2750 347 2784 91.
374 2749 496 2797 Vulgo
521 2750 698 2787 abiturus.
746 2754 813 2788 Est
836 2763 927 2788 vero
952 2753 1118 2788 abiem-m
1143 2764 1196 2796 es,
1221 2765 1295 2799 qua
1320 2754 1366 2788 de
1390 2765 1523 2790 caussa
1546 2756 1636 2790 scri-

225 2793 413 2830 bendum=
455 2794 651 2832 abiturum
681 2802 748 2833 aut
781 2798 970 2835 abiturum.
1025 2798 1170 2835 Deesse
1202 2810 1276 2835 non
1313 2804 1442 2846 potent
1480 2800 1635 2836 verbum
