1742 3152
247 204 304 246 90
786 202 1131 245 cap'rlvonM

161 317 215 359 15
245 315 353 356 Bene
380 313 599 368 pudiceque
630 314 847 355 educatn’st
874 316 1000 370 usque
1028 317 1079 358 ad
1106 316 1424 367 adnleseentiam.

244 370 330 413 He.
356 368 421 411 'Et
447 371 569 411 miser
597 383 683 410 sum
714 378 751 410 et
779 370 1022 429 fortunatus,
1050 372 1088 413 si
1116 385 1188 414 vos
1214 386 1310 415 vera
1337 374 1482 417 dicitis.

242 428 302 468 Εό
334 427 453 468 miser
481 440 591 477 sum,
621 426 713 479 quia
741 427 843 467 male
873 427 932 468 illi
961 428 1063 480 feci,
1093 427 1127 468 si
1157 431 1301 481 gnatus
1331 434 1482 472 meu'st.

242 481 388 535 Eheu,
421 490 502 524 eur
520 495 594 533 ego
626 483 713 534 plus
742 482 950 537 minusque
979 484 1080 536 feei,
1110 484 1169 524 illi
1200 499 1315 538 quam
1343 489 1510 541 aequum
1539 488 1633 530 suit!
1690 518 1701 525 -

182 578 185 580 .
243 541 358 591 Quod
388 540 488 580 malo
517 537 618 588 feei,
650 539 825 592 crucior-3
862 542 974 580 modo
1004 540 1039 581 si
1069 541 1256 582 infectum
1285 541 1370 583 fieri
1401 545 1562 596 possiet.

154 595 214 638 20
242 597 322 638 sed
352 609 512 647 eecum3
540 594 685 636 incedit
712 595 790 636 ln‘w
820 604 979 639 ornatus
1006 597 1112 638 haud
1142 611 1195 638 ex
1222 598 1307 640 suis
1336 599 1557 647 virtutibuS.

488 690 788 750 'Ac'rvs
845 677 1402 753 v.scEN'A1v.

273 794 574 852 Tyndarus,
617 794 823 852 Hegio,
864 795 1252 849 Philocrates,
1298 795 1629 855 Stalagmus.

243 894 316 952 Ty.
346 877 488 940 Vidi
518 912 592 950 ego
622 898 743 940 multa
771 901 891 952 saepe
923 899 1046 952 pieta,
1077 912 1178 953 quae
1206 896 1432 940 'Acherunti
1462 900 1603 941 fierent

236 954 534 1006 cruciamenta3
568 958 701 996 verum
733 956 929 995 enimvero
960 956 1067 995 milla
1097 958 1272 1009 adaeque
1302 964 1362 996 est
1387 952 1627 1009 ‘Acheruns,

234 1009 370 1065 'Atque
400 1012 467 1052 ubi
498 1025 573 1063 ego
603 1012 658 1051 fui
692 1013 730 1051 in
761 1011 998 1066 lapicidinis.
1055 1010 1153 1052 'lllie
1184 1013 1237 1051 ibi
1269 1015 1472 1054 demum'st
1502 1014 1625 1065 locus,

232 1063 324 1108 'Ubi
356 1069 489 1108 labore
520 1069 708 1108 lassitudo
727 1073 798 1108 ⁴est
827 1069 1028 1120 exigunda
1063 1083 1114 1109 ex
1144 1070 1320 1122 corpore.

179 1125 207 1167 5
235 1122 335 1164 Nam
365 1125 432 1164 sibi
464 1125 531 1172 illo
561 1125 724 1176 adveni,
755 1125 866 1178 quasi
900 1125 1076 1178 patriciis
1107 1126 1239 1178 pueris
1269 1131 1336 1165 aut
1364 1126 1616 1178 monedulae,

231 1181 311 1221 Ant
339 1188 497 1232 anates,
527 1190 595 1222 aut
624 1183 844 1221 coturnices
875 1183 1033 1232 dautur,
1066 1183 1221 1235 quicum
1253 1182 1433 1232 lusitent3

229 1236 375 1278 'Itidem
404 1238 455 1278 mi
480 1239 577 1278 haec
605 1237 826 1278 advenienti
855 1252 1006 1290 upupa,
1037 1239 1104 1291 qui
1131 1251 1191 1278 me
1220 1238 1431 1290 delectem,
1462 1239 1552 1278 data
1580 1243 1652 1289 est,

230 1362 299 1393 tet.
347 1358 476 1393 Eheu!
512 1358 590 1393 Cur
614 1369 683 1404 ego
704 1361 790 1403 plus
813 1357 1006 1404 minusque
1028 1359 1119 1406 feci.
1169 1358 1300 1394 Voluit
1324 1357 1535 1393 Brunckius
1565 1359 1653 1402 plus
1693 1356 1695 1359 ’

229 1403 414 1445 minusve,
447 1405 596 1450 quicum
614 1407 803 1438 consentit
821 1404 996 1446 Bothius,
1030 1415 1102 1438 non
1127 1404 1240 1438 aliter
1265 1404 1368 1449 loqui
1396 1405 1523 1438 dicens
1546 1404 1650 1437 hati-

230 1460 311 1483 nos.
333 1484 341 1487 ,
360 1450 463 1483 ldem
490 1450 703 1484 Gronovius
738 1450 890 1484 dixerat
923 1451 969 1484 ad
1005 1449 1238 1484 Menaechm.
1257 1450 1328 1492 lv,
1363 1452 1406 1493 2,
1432 1450 1487 1483 25.
1536 1449 1650 1483 Recte

231 1493 300 1529 hos
319 1494 537 1529 vconfutavit
570 1494 744 1530 Bosscha.
803 1496 886 1530 Non
921 1496 1018 1529 enim
1053 1496 1203 1529 dubitat
1229 1495 1377 1540 Hegio,
1414 1501 1539 1528 utrum
1566 1494 1649 1539 plus

230 1551 278 1574 an
304 1541 426 1574 minus
454 1540 591 1575 fecerit
617 1541 818 1585 Tyndaro,
844 1541 910 1575 sed
937 1540 1007 1575 hoc
1029 1541 1105 1583 ait,
1130 1551 1170 1574 se
1195 1546 1415 1585 utrumque,
1443 1546 1480 1573 et
1500 1541 1587 1584 ptus
1611 1545 1650 1573 et

230 1585 348 1620 minus
371 1585 522 1628 fecisse,
548 1591 726 1630 recteque
753 1586 918 1630 explicat
938 1586 1159 1620 Lambinus:
1179 1587 1268 1631 plus
1295 1585 1387 1619 mali
1412 1585 1531 1619 minus
1552 1585 1646 1618 boni.

229 1649 274 1658 —-
302 1629 413 1672 Modo
437 1630 470 1664 si
492 1641 561 1675 pro
588 1631 734 1676 vulgari
761 1631 893 1665 ordine
917 1631 950 1665 si
973 1632 1092 1673 modo,
1132 1632 1231 1676 quod
1256 1630 1290 1664 h.
1310 1631 1334 1664 l.
1359 1630 1551 1676 significat
1576 1630 1646 1664 uti-

229 1685 328 1723 Ἀρι.
377 1676 526 1716 Pariter
550 1676 692 1710 utinam
717 1676 822 1710 modo
846 1677 921 1711 dici
946 1676 1129 1721 exemplis
1154 1676 1321 1710 ostendit
1348 1676 1523 1710 Busscha.
1577 1674 1646 1709 Or-

228 1722 338 1757 natus
359 1721 461 1755 haud
483 1721 629 1756 ermis
651 1721 858 1756 virtutibus.
907 1722 990 1756 Non
1021 1727 1062 1756 ut
1095 1722 1253 1755 meritus
1283 1720 1455 1765 affectus.
1504 1721 1646 1755 Intelli-

228 1773 372 1814 guntur
396 1772 574 1808 catenae,
600 1767 735 1812 quibus
759 1768 906 1801 vinctus
931 1768 1060 1812 prodit
1083 1768 1297 1811 Tyndarus.

321 1815 400 1847 Aet.
423 1813 465 1848 V.
491 1813 548 1847 Sc.
567 1813 627 1848 lV.
659 1811 954 1857 Ex'lapidicinis
977 1813 1181 1849 arcessitus
1196 1812 1400 1857 Tyndarus
1415 1811 1591 1857 procedit
1606 1816 1646 1847 et

227 1858 390 1902 primum
416 1867 541 1892 secum
559 1857 972 1904 ioculariter—depingit
987 1868 1199 1900 aerumnas,
1220 1869 1311 1902 quas
1331 1857 1411 1891 illic
1429 1857 1646 1892 exantlare·

226 1903 290 1938 rit.
339 1904 436 1936 Tum
467 1909 612 1948 patrem
643 1914 775 1945 suum,
810 1913 873 1946 re,
908 1905 963 1937 uti
995 1909 1080 1937 acta
1111 1907 1187 1944 est,
1229 1903 1424 1947 exposita,
1460 1903 1645 1948 agnoscit.

225 1948 432 1982 Acherunti
454 1959 522 1992 pro
548 1949 594 1982 ad
621 1948 876 1988 Acheruntem,
901 1954 1077 1993 tanquam
1094 1959 1166 1982 non
1185 1947 1313 1990 fluvii,
1337 1948 1404 1982 sed
1425 1948 1497 1982 loci
1515 1947 1565 1982 sit
1579 1958 1642 1982 no-

227 2003 331 2034 men,
356 1998 398 2028 ut
423 1993 665 2039 Carthagini,
699 1994 791 2027 ruri.
841 1993 895 2028 cf.
920 1994 1051 2039 Pomp.
1079 1993 1246 2032 Gramm.
1270 1993 1454 2035 xxvm,
1480 1993 1532 2029 13.
1557 2004 1643 2039 pag.

226 2039 295 2072 353
308 2049 386 2083 seq.
412 2044 451 2073 et
470 2050 562 2084 quos
582 2040 633 2073 ibi
651 2040 787 2074 citatos
803 2039 982 2084 reperies.
1014 2039 1118 2074 Adde
1134 2039 1255 2074 Servii
1276 2038 1442 2073 Gramm.
1463 2049 1547 2084 pag.
1564 2040 1643 2074 52⁰.

227 2083 283 2118 cf.
309 2085 423 2119 etiam
443 2095 557 2129 supra
576 2085 719 2128 Captiv.
738 2085 803 2126 ΙΙΙ,
829 2086 864 2127 5,
890 2085 947 2118 31.
977 2085 1114 2126 Verba,
1141 2094 1236 2129 quae
1255 2090 1482 2129 sequuntur:
1510 2085 1642 2119 Verum

227 2128 321 2164 enim
343 2138 429 2164 vero
453 2131 560 2164 nulla
584 2131 748 2174 adaeque
773 2134 825 2163 est
848 2129 1056 2171 Acheruns,
1089 2134 1199 2174 atque
1223 2129 1286 2163 ubi
1314 2139 1382 2174 ego
1396 2129 1491 2177 [τιὴ
1526 2131 1642 2164 citan-

225 2179 289 2208 tur
307 2186 328 2208 a
349 2175 472 2216 Nonjo
493 2185 528 2219 p.
545 2175 618 2210 191.
640 2180 679 2208 ut
694 2175 879 2208 Acheruns
895 2175 1009 2208 etiam
1026 2175 1188 2209 femineo
1203 2184 1341 2219 genere
1357 2175 1430 2208 dici
1447 2176 1641 2218 probetur.

225 2219 298 2254 Sed
325 2219 372 2254 cf.
397 2220 502 2254 Voss.
531 2220 578 2254 de
610 2219 714 2255 Anal.
734 2221 768 2261 1,
800 2221 848 2252 10.
907 2220 949 2254 V.
967 2221 1001 2253 4.
1043 2219 1165 2264 Vulgo
1199 2218 1375 2253 lassitudo
1407 2220 1551 2253 omui'st
1582 2230 1640 2254 ex.

226 2265 300 2300 Sed
329 2265 370 2300 V.
398 2266 435 2298 C.
462 2265 563 2299 Cam.
590 2264 766 2300 lassitudo
791 2269 844 2298 est
866 2264 992 2301 onmis.
1041 2266 1088 2299 At
1120 2263 1233 2298 omnis
1267 2269 1305 2298 et
1337 2264 1384 2297 ad
1415 2266 1639 2299 sententiam

225 2314 264 2343 et
288 2310 335 2343 ad
361 2314 520 2344 metrum
545 2319 876 2355 supervacaneum.
891 2315 899 2320 ‘
921 2308 1039 2351 Quasi
1051 2309 1223 2354 patriciis
1235 2309 1374 2354 pueris.
1412 2309 1550 2344 Notum
1570 2317 1641 2352 est,

225 2364 364 2399 pueros
390 2359 428 2389 et
453 2355 598 2399 puellas
623 2355 833 2389 beatiorum
856 2355 1107 2390 Romanorum
1133 2355 1316 2389 bestiolas
1342 2355 1442 2389 inter
1464 2366 1524 2389 res
1545 2356 1639 2390 ludi-

224 2411 308 2434 cras
332 2399 518 2435 habuisse.
569 2401 606 2435 ln
627 2411 736 2445 quum
757 2410 835 2434 rem
852 2405 939 2444 apte
956 2401 1110 2435 laudant
1130 2400 1241 2434 Plinii
1262 2401 1417 2434 minoris
1435 2400 1557 2435 locum
1576 2402 1639 2444 lv,

224 2455 282 2490 ep.
301 2446 347 2479 ll.
372 2446 435 2479 ubi
462 2446 508 2480 de
531 2445 614 2480 mio
640 2445 773 2492 Reguli
800 2452 949 2480 mortuo
973 2456 1097 2480 sermo
1124 2451 1192 2479 est.
1238 2444 1411 2480 Habebat
1423 2457 1519 2491 puer
1539 2456 1638 2481 man-

156 2530 163 2533 ,
224 2492 331 2526 nulou
354 2492 487 2526 netelton
511 2497 547 2525 et
570 2491 713 2526 iunctos
739 2497 773 2525 et
795 2492 958 2532 muetos,-
981 2491 1133 2525 lmbebat
1158 2502 1264 2526 canes
1287 2492 1442 2526 maiores
1466 2498 1501 2526 et
1525 2492 1638 2526 nn'no-

224 2546 300 2578 rec,
323 2536 477 2571 habebat
499 2536 675 2572 luscinias
698 2537 761 2579 (al.
789 2536 974 2571 lucerinae
1002 2537 1025 2570 i.
1046 2548 1078 2571 e.
1105 2541 1210 2576 oves)
1231 2538 1430 2582 psittacos,
1453 2540 1639 2579 merulas,-

223 2592 344 2616 onmes
372 2582 539 2628 Regulus
562 2583 666 2617 circa
690 2593 820 2627 rogum
854 2581 1065 2616 trucidavit.
1091 2602 1133 2608 —
1173 2582 1386 2617 coturnices
1410 2581 1445 2616 h.
1467 2583 1490 2617 l.
1515 2585 1637 2628 prima

194 2635 199 2638 ·
222 2628 429 2672 producta,
455 2633 497 2662 ut
514 2628 612 2673 apud
634 2628 852 2662 Lucretium
875 2627 943 2671 lV,
968 2627 1047 2662 643.
1075 2627 1122 2661 At
1141 2628 1263 2673 capris
1288 2628 1411 2673 adipes
1435 2634 1471 2662 et
1494 2635 1636 2663 cotur-

221 2672 411 2707 nicibua
435 2684 481 2708 au
514 2679 559 2708 et.
608 2674 714 2718 Apud
740 2673 917 2707 Ovidium
940 2674 1077 2718 ubique
1098 2675 1314 2718 corripitur.
1355 2674 1523 2716 Quicum.
1562 2674 1638 2717 Qui

220 2717 412 2752 ablativus
444 2729 485 2753 re
504 2725 587 2753 atus
623 2719 669 2753 ad
704 2718 888 2771 pluralem
923 2728 1117 2753 numerum
1152 2729 1238 2753 raro
1263 2720 1465 2769 ingenitur.
1513 2720 1635 2754 l‘laut.

219 2762 344 2798 Aulul.
362 2763 438 2805 111,
463 2765 503 2808 5,
528 2766 586 2799 28.
621 2763 818 2806 ΓεΙιιειιὶα,
844 2762 911 2817 qui
932 2764 1054 2798 vehar.
1102 2765 1207 2799 Adde
1232 2765 1326 2800 Cato
1351 2765 1397 2800 de
1415 2765 1455 2799 R.
1476 2766 1517 2800 R.
1538 2766 1584 2807 ll,
1602 2767 1635 2799 2.

224 2807 338 2852 cota,
366 2808 433 2854 qui
447 2808 587 2856 florem
611 2810 777 2853 demant,
801 2813 887 2845 tria.
914 2828 956 2836 —
997 2809 1139 2857 γραφη.
1186 2811 1295 2847 locus
1324 2810 1363 2846 in
1386 2811 1634 2858 ambiguitate
