1742 3152
246 197 303 241 84
362 228 375 232 f-
788 196 1133 237 CAPTWORVM

249 310 394 352 Clades
406 306 699 361 calamitasque,
714 307 965 362 intemperies
978 309 1090 348 modo
1101 307 1140 347 in
1154 314 1322 349 nostram
1336 310 1491 351 advenit
1504 311 1669 350 domuin.

250 367 376 419 Quasi
399 366 434 407 si
458 368 564 407 essct
586 364 703 417 lupus
724 365 925 416 esuriens,
956 365 1071 404 metui
1094 377 1142 404 ue
1167 364 1208 404 in
1227 378 1288 406 me
1306 365 1455 407 faceret
1472 367 1668 419 impetum.

248 424 475 478 Nimisque,
506 421 661 473 hercle,
691 433 767 474 ego
795 421 905 462 illum
936 421 1036 462 maile
1065 421 1344 475 formidabam3
1387 423 1439 464 ita
1469 423 1671 464 frendebat

195 479 220 519 5
1088 477 1284 517 dentibus.

249 534 474 578 Adveniens
504 532 724 574 deturbavit
753 538 871 573 totum
903 534 989 573 cuim
1021 533 1130 573 carni
1161 532 1398 574 carnarium.

249 593 427 646 Arripuit
455 591 653 641 gladium,
684 590 988 642 praetruncavit
1007 590 1131 630 tribus
1161 590 1363 642 tegoribus
1392 589 1566 642 glandia.

250 649 373 691 Annis
405 648 627 700 calicesque
658 648 792 701 omnes
823 646 1037 698 confregit,
1068 646 1142 686 nisi
1174 660 1273 700 quae
1303 648 1492 688 modiales]
1521 652 1643 697 crant,

253 707 400 747 Coct‘nn
431 702 753 757 percontabatur,
783 711 944 756 possent
973 703 1102 743 seriae
1131 703 1372 745 fervescere.

170 757 224 800 10
255 762 388 803 Cellas
418 759 582 812 refregit
610 760 744 799 omncs
773 760 900 811 intus,
931 759 1170 813 reclusitque
1199 759 1425 800 armarium.

253 816 644 868 Asservatc'istuuc,
675 815 810 865 sultis,
842 816 970 866 servi3
1001 818 1075 868 ego
1107 818 1170 856 ibo
1200 823 1242 855 ut
1267 815 1495 856 conveniam
1524 827 1673 854 senem.

252 876 392 916 Dicam
421 875 463 914 ut
492 872 568 914 sibi
597 886 740 926 penum
771 872 876 912 ziliud
907 880 1038 924 ornet,
1077 872 1267 926 siquidem
1298 886 1387 913 sese
1418 871 1474 912 uti
1503 871 1617 912 volet.

253 933 353 973 Nam
383 930 424 972 iu
453 931 549 983 hoc,
588 937 631 971 ut
659 929 724 970 hic
754 929 908 983 quidem
937 930 1121 980 adornat,
1161 936 1228 969 aut
1257 929 1334 969 iam
1363 928 1460 969 nihil
1490 933 1570 980 est,
1607 933 1675 968 aut

1088 986 1166 1027 iam
1197 985 1292 1026 nihil
1323 985 1411 1027 erit.

255 1132 384 1178 spacio
405 1129 602 1178 Ergasilus
623 1139 669 1166 ea
686 1129 813 1166 omnia
828 1133 982 1175 patrare
998 1129 1185 1176 potuerit,
1213 1130 1260 1165 de
1275 1131 1411 1176 quibus
1428 1127 1672 1173 conqueritur

256 1178 441 1225 Hegionis
466 1177 653 1211 cellarius.
702 1177 844 1211 Verum
879 1181 983 1210 recte
1017 1177 1168 1221 reponit
1206 1176 1400 1221 Koepkius
1425 1176 1465 1208 in
1498 1174 1597 1207 notis
1623 1172 1674 1207 ad
1724 1170 1742 1221 ,ᾖ

255 1223 497 1258 vernaculam
531 1221 642 1256 huius
675 1220 827 1256 fabulae
859 1222 1234 1266 interpretationem,
1271 1221 1365 1255 hanc
1397 1228 1546 1254 scenam
1571 1217 1675 1253 nullo
1714 1217 1742 1262 5-*3

257 1269 469 1315 argumenti
493 1266 644 1302 vinculo
669 1277 753 1301 cum
772 1267 1015 1311 sequentibus
1034 1269 1270 1301 coniunctam
1291 1276 1392 1308 esse,
1418 1266 1473 1299 ita
1490 1268 1532 1298 ut
1551 1264 1673 1297 minus
1735 1266 1738 1268 '

258 1317 373 1349 etiam
406 1322 617 1358 congruens
648 1313 721 1354 sit,
760 1311 906 1345 referre
939 1321 1022 1345 eam
1056 1312 1104 1346 ad
1136 1317 1262 1346 actum
1288 1312 1472 1356 quintum.
1519 1309 1675 1343 Factam

257 1364 383 1394 autem
408 1360 508 1393 inter
532 1357 626 1392 lianc
651 1362 690 1391 et
713 1357 948 1401 superiorem
974 1367 1122 1391 scenam
1146 1357 1310 1402 aliquam
1330 1356 1490 1392 actionis
1508 1355 1674 1400 quietem

258 1410 297 1440 et
319 1403 660 1483 intp‘rpapedinem,
700 1403 806 1437 cuius
838 1403 1007 1447 spacium
1039 1403 1162 1438 modis
1195 1403 1348 1438 musicis
1373 1402 1565 1447 expletum
1591 1409 1673 1435 esse

286 1451 378 1485 roba
406 1450 415 1483 i
436 1459 456 1484 e
480 1453 550 1483 est.

257 1463 280 1497 p
351 1496 472 1529 lntrat
485 1503 634 1529 scenam
653 1491 827 1527 servulus
846 1492 1031 1537 Hegionis
1043 1517 1054 1534 ,
1078 1491 1242 1527 fortasse
1258 1492 1449 1535 cellarius,
1474 1495 1517 1526 ut
1533 1495 1675 1532 narret,

258 1551 354 1587 quae
373 1542 474 1574 intus
493 1539 617 1585 egerit
632 1538 836 1583 parasitus,
860 1547 1008 1582 quaque
1026 1538 1208 1573 violentia
1226 1539 1274 1572 ad
1293 1548 1448 1573 coenam
1469 1537 1674 1582 parandam

259 1596 460 1632 aggressus
483 1585 546 1619 sit.
597 1582 838 1628 Intemperies
853 1584 1089 1627 tempestatis
1109 1587 1147 1617 et
1164 1583 1267 1618 coeli
1285 1585 1434 1625 vitium,
1457 1592 1503 1616 ex
1520 1593 1593 1627 quo
1610 1581 1677 1615 fri·

259 1643 330 1676 gus
357 1635 422 1665 aut
445 1630 537 1664 solis
570 1633 720 1670 aestus,
753 1629 906 1662 siccitas
938 1633 1005 1661 aut
1039 1627 1175 1663 humor
1206 1629 1456 1663 immoderate
1483 1629 1675 1673 ingruunt.

259 1679 322 1713 sic
345 1676 432 1711 solis
456 1674 690 1719 intemperies
711 1678 778 1707 aut
804 1673 896 1707 anni
917 1673 1017 1717 apud
1042 1674 1186 1708 Colum.
1206 1674 1263 1715 u,
1286 1677 1319 1708 2.
1368 1674 1431 1709 Vn·
1448 1672 1678 1708 calamitates

258 1721 565 1767 intemperiesqne
588 1718 823 1764 proltt‘besss’s,
853 1717 1018 1753 formula
1050 1719 1234 1754 lustrandi
1266 1730 1379 1765 agros
1411 1719 1510 1764 apud
1545 1720 1677 1753 Caton.

261 1769 309 1803 de
329 1769 370 1802 R.
386 1768 429 1801 R.
450 1769 526 1800 141.
573 1765 684 1808 Quod
703 1765 822 1810 igitur
840 1764 995 1808 proprie
1014 1764 1061 1798 de
1079 1765 1196 1810 agris,
1220 1766 1318 1799 sicut
1338 1765 1544 1805 calamitas,
1561 1763 1677 1804 valet,

260 1813 296 1847 h.
315 1813 339 1846 l.
365 1813 412 1847 de
429 1813 564 1847 damno
584 1816 624 1845 et
638 1810 798 1844 interitu
812 1810 930 1843 totius
951 1810 1084 1843 domus
1099 1811 1250 1846 dicitur.
1289 1810 1406 1853 Quasi
1418 1811 1452 1845 si
1463 1815 1554 1844 esset
1568 1810 1678 1853 lupus

261 1858 434 1894 esuriem.
482 1857 605 1902 Vulgo
623 1856 782 1902 legitur:
810 1854 935 1897 *Quasi
952 1856 1062 1899 lupus
1078 1856 1238 1890 esuriens
1254 1857 1370 1890 metui
1385 1868 1430 1891 ne
1446 1856 1486 1890 in
1504 1865 1558 1888 me
1569 1856 1677 1901 sace-

264 1909 321 1938 νει
338 1903 528 1949 impetum,
555 1911 650 1946 quae
667 1912 690 1935 a
708 1905 829 1934 metro
849 1900 992 1944 pariter
1007 1905 1121 1945 atque
1138 1912 1160 1935 a
1176 1903 1364 1936 sententia.
1378 1902 1563 1936 laborant.
1591 1899 1678 1935 Vul-

262 1955 353 1996 gata
370 1958 551 1994 expressa
567 1951 626 1980 est
642 1956 663 1980 e
682 1946 773 1980 Cod.
789 1946 835 1980 V.
857 1946 959 1979 Cam.
994 1946 1119 1980 Metro
1137 1946 1204 1980 alii
1223 1947 1337 1981 aliter
1360 1947 1555 1992 suppetias
1583 1945 1678 1979 tule-

262 2000 369 2038 1·unt;
393 1993 605 2028 sententiae
619 2003 693 2026 non
709 1992 814 2025 item.
844 1991 949 2033 Quae
969 1989 1059 2024 olim
1081 1991 1204 2026 edidi:
1232 1991 1349 2035 Quasi
1363 1993 1396 2027 si
1411 1993 1459 2027 sil
1477 1994 1515 2027 lu
1545 2002 1584 2025 us
1602 2001 1680 2025 esu-

263 2041 383 2082 riens,
414 2051 437 2074 a
457 2043 671 2083 temporum
698 2037 847 2071 ratione
877 2035 1102 2070 refutantur.
1161 2038 1282 2083 igitur
1310 2036 1468 2083 scripsi:
1507 2003 1624 2079 ὅπου·
1648 2036 1682 2069 si

265 2091 355 2121 esset
372 2087 410 2121 lu
439 2095 480 2118 us
497 2082 668 2118 esuriens.
718 2081 895 2116 Formula
922 2081 1031 2134 quasi
1053 2081 1086 2116 si
1110 2083 1245 2117 Plauto
1272 2093 1453 2129 perquam
1480 2082 1679 2118 familiaris

266 2136 336 2165 est.
384 2096 440 2166 ῦς
459 2129 583 2164 Casin.
604 2127 700 2173 prol.
716 2127 774 2161 46.
814 2126 929 2169 Quass
944 2126 978 2160 si
995 2131 1085 2160 esset
1108 2138 1154 2161 ex
1171 2139 1208 2161 se
1231 2134 1332 2162 nata.
1380 2130 1485 2162 Trin.
1507 2129 1562 2170 ΙΙ,
1587 2130 1622 2169 4,
1645 2129 1680 2162 8.

267 2171 437 2220 Quadi-s·
451 2179 491 2209 m
513 2173 665 2208 obiicias
673 2171 848 2218 formicis
861 2182 1105 2216 papaverem;
1129 2173 1185 2206 ita
1204 2173 1302 2206 enim
1323 2173 1377 2206 ibi
1397 2173 1609 2218 legendum.

358 2220 402 2256 V.
417 2220 452 2254 li.
488 2218 722 2254 Deturboevit.
759 2217 843 2251 Non
862 2216 1000 2250 detulit
1018 2215 1144 2259 furca,
1179 2222 1223 2251 ut
1244 2217 1332 2251 fieri
1352 2218 1472 2261 solet,
1506 2226 1638 2251 carnes
1659 2225 1679 2249 e

267 2266 461 2307 carnario,
486 2265 553 2299 sed
570 2262 805 2305 deturbavit3
837 2261 915 2295 imo
935 2272 1018 2295 cum
1043 2271 1155 2296 carne
1174 2262 1392 2297 deturbavit
1411 2269 1533 2298 totum
1550 2273 1677 2296 carna-

265 2313 387 2353 rium,
413 2310 539 2345 omnia
563 2319 658 2354 quae
682 2309 721 2342 in
745 2307 919 2342 carnario
942 2308 1087 2349 insunt,
1113 2307 1240 2352 ligna,
1265 2319 1417 2351 asseres,
1442 2314 1565 2350 restes,
1590 2308 1678 2342 alia.

268 2358 331 2392 Sic
353 2361 458 2391 recte
483 2354 660 2389 Bosscha.
709 2353 766 2387 De
798 2352 966 2387 ablativo
997 2352 1105 2387 carui
1129 2354 1216 2387 vide
1249 2364 1346 2398 quae
1377 2365 1492 2399 supra
1515 2354 1681 2387 diximus

268 2403 318 2437 ad
341 2402 411 2444 lV,
435 2403 476 2443 2,
503 2400 580 2435 116.
626 2399 731 2435 Adde
755 2397 971 2434 Schneider.
997 2397 1237 2433 Lateinische
1263 2399 1471 2434 Grammat.
1503 2399 1682 2433 Formen-

268 2447 373 2482 lehre
393 2447 429 2489 1,
453 2457 489 2492 p.
504 2446 583 2480 232.
607 2445 674 2480 ubi
697 2449 823 2479 tamen
846 2442 917 2477 hoc
943 2443 1156 2488 exemplum
1190 2445 1369 2479 omissum
1400 2453 1470 2479 est.
1520 2444 1684 2479 Glandiae

270 2493 360 2528 colli
385 2498 512 2538 partes
535 2500 728 2526 carnosae.
774 2489 871 2524 Pliu.
890 2489 990 2523 Hist.
1008 2490 1095 2523 Nat.
1109 2490 1156 2532 ll,
1173 2491 1229 2524 37.
1267 2490 1456 2525 Taurinae
1470 2489 1508 2524 s‘n
1526 2490 1681 2531 homine,

269 2539 310 2575 in
332 2549 396 2574 sue
415 2537 622 2584 glandulae
629 2547 645 2578 ‚-
671 2545 766 2580 quae
789 2535 880 2569 item
901 2534 1062 2578 glandia
1086 2535 1274 2569 dicuntur.
1324 2537 1366 2572 V.
1386 2537 1419 2571 9.
1456 2536 1578 2581 Vulgo
1599 2546 1681 2581 pos·

270 2590 405 2619 senene.
452 2577 534 2618 Sed
550 2587 711 2616 metrum
744 2585 939 2626 repugnat.
986 2581 1112 2622 Quare
1144 2580 1315 2624 fuerunt,
1382 2581 1421 2616 ui
1452 2583 1683 2616 scriberent:

227 2641 233 2645 ’
267 2628 524 2675 perc-onumen,
548 2629 585 2662 in
602 2638 676 2673 qua
690 2626 881 2671 scriptura
896 2624 995 2659 male
1010 2626 1113 2660 cadit
1128 2627 1244 2661 ictus:
1265 2637 1355 2672 pere
1380 2626 1520 2662 ntabeie.
1554 2628 1682 2669 Quare

270 2675 481 2709 omittenda
504 2674 586 2708 visa
609 2677 667 2708 est
683 2670 945 2717 interrogandi
964 2671 1164 2716 particula.
1217 2672 1355 2707 Serius.
1403 2673 1559 2708 Sensum
1579 2676 1683 2706 recte

270 2721 427 2765 exponit
452 2720 581 2754 Dousa
604 2718 766 2753 Plautia.
791 2717 890 2762 expl.
916 2716 952 2757 1,
975 2718 1031 2751 20.
1081 2717 1210 2753 Voluit
1230 2716 1300 2753 hoc
1320 2722 1444 2764 poeta.
1489 2718 1681 2764 Ergasilus

267 2765 454 2811 quaesivit
486 2774 533 2799 ex
564 2774 705 2809 coquo,
741 2773 787 2797 an
819 2763 990 2808 integrae
1021 2763 1167 2804 seriae,
1202 2762 1237 2797 h.
1256 2773 1290 2798 c.
1325 2764 1428 2799 dolia
1451 2762 1607 2802 fictilia.
1644 2763 1681 2795 in

267 2811 403 2857 quihus
433 2820 564 2846 carnes
593 2809 744 2845 sallitae
774 2808 1087 2854 asservabantur,
1133 2808 1182 2844 ad
1213 2808 1402 2847 flammam
1438 2808 1607 2845 calefieri
1645 2812 1683 2842 et
