1742 3152
230 246 287 290 34
760 241 1112 286 cAPTlvonvm

231 359 297 402 'Ut
324 357 361 400 is
386 357 502 404 homo
529 354 741 397 redimatur
768 355 844 399 illi.
867 389 870 393 ,
897 355 984 398 He.
1012 356 1132 396 lmmo
1161 352 1281 394 tilium
1310 355 1440 407 potius
1468 358 1609 398 misero

233 415 357 467 Hinc,
385 414 453 456 nbi
483 418 596 454 erunt
622 410 825 463 induciae,
861 411 958 456 illuc
986 414 1093 453 tm'im
1123 410 1190 464 qui
1212 412 1425 453 'conveniat
1452 420 1615 467 patrem,

236 472 317 523 Qui
345 478 433 522 tua,
464 483 564 522 quae
594 474 636 508 tu
663 467 830 508 iusseris
852 468 1064 520 mandrita,
1093 467 1168 516 ita,
1198 473 1241 506 ut
1268 466 1390 519 velis,
1420 470 1607 521 perferat.

244 527 317 582 Ty.
343 525 406 568 'At
433 525 530 565 nihil
562 531 640 575 est,
682 523 859 577 igndtum
887 526 936 564 ad
966 524 1076 564 illum
1106 523 1276 572 mittere3
1315 537 1472 575 operam
1502 526 1659 568 luseris.

153 582 210 625 95
238 585 354 626 Hunc
384 582 512 632 mitte,
541 581 606 621 hio
636 581 872 622 transactum
903 582 1037 621 reddet
1065 580 1198 630 omne,
1228 578 1263 619 si
1292 578 1387 620 illuc
1416 582 1581 624 venerit.

237 641 323 682 Nec
353 650 585 693 quemquam
614 636 850 689 fideliorem,
879 639 1006 691 neque
1036 636 1099 676 cui
1130 635 1219 688 plns
1249 636 1401 687 credat,
1431 644 1542 689 potes

237 697 394 738 Mittere
424 695 472 734 ad
502 704 614 744 eum,
643 695 717 733 nec
747 694 814 747 qni
844 696 971 745 magis
1001 695 1052 732 sit
1081 694 1220 731 servus
1251 704 1303 731 ex
1332 693 1551 746 sententia3

237 753 377 806 Neque
407 752 507 791 adeo
535 749 626 805 quoi
657 751 763 791 tuum
793 753 1003 791 concredat
1031 750 1157 790 silium
1186 748 1300 788 hodie
1329 749 1535 792 audacius.

238 809 301 850 Ne
330 819 517 857 vereare,
547 806 632 847 meo
662 806 838 860 periculo
867 806 983 847 liuius
1014 819 1089 858 ego
1119 804 1305 857 expensu-
1330 804 1468 856 fidem,

129 859 212 902 100
239 865 383 905 Fretus
410 861 572 914 ingenio
602 862 710 914 eins3
738 864 840 917 quod
870 877 931 903 me
961 863 1034 903 scit
1065 864 1154 901 esse
1184 874 1282 912 erga
1310 874 1353 902 se
1385 861 1629 903 benevolum.

239 919 324 963 He.
362 919 517 961 Mittam
559 919 738 973 equidem
783 919 912 960 istunc
960 919 1218 1015 aestimqatun}
1255 924 1322 958 tua
1365 917 1463 971 fide,
1513 918 1550 959 si
1590 918 1665 960 vis.

1114 988 1154 1027 y.
1221 974 1298 1014 olo.

239 1033 369 1085 Qmim
399 1030 600 1072 citissume
631 1036 778 1083 potest,
809 1036 886 1071 tam
916 1032 991 1072 hoc
1021 1034 1161 1071 cedere
1191 1031 1239 1070 ad
1268 1030 1412 1069 factam
1441 1030 1544 1071 volo.

240 1087 326 1138 He.
353 1088 458 1130 Num
486 1100 739 1141 quaevoausa
769 1093 850 1140 est,
880 1088 996 1142 quin,
1037 1088 1071 1129 si
1100 1086 1168 1126 ille
1197 1086 1274 1127 huo
1302 1099 1381 1126 non
1409 1088 1563 1139 redeat,
1602 1086 1666 1129 vi-

235 1166 247 1170 v
1077 1142 1176 1194 giuti
1205 1142 1332 1182 minas
1650 1162 1656 1164 ἡ

238 1201 348 1247 Mihi
371 1202 442 1242 des
470 1213 542 1253 pro
571 1198 671 1239 illo?
737 1196 810 1253 Ty.
845 1197 1026 1252 'Optuma
1061 1199 1193 1239 immo.
1250 1196 1335 1238 He.
1371 1197 1522 1239 Solvite
1551 1197 1666 1238 istum

1076 1267 1180 1295 nunc
1209 1267 1309 1305 iam,

243 1355 386 1392 marito
412 1353 524 1388 datus
548 1353 630 1386 eius
654 1351 844 1397 periculo,
879 1351 1010 1385 mariti
1042 1352 1209 1393 scilicet,
1242 1352 1354 1396 perit.
1408 1350 1584 1388 Postulat
1607 1350 1667 1387 hic

244 1402 365 1447 igitur
389 1397 793 1442 Pseudophilocrates,
824 1397 907 1430 dari
930 1397 1002 1429 sibi
1026 1396 1380 1442 Pseudotyndarum
1411 1397 1667 1440 aestimatum,

244 1451 290 1482 ut
311 1446 344 1480 si
367 1445 407 1479 in
429 1442 580 1490 Elidem
604 1443 741 1477 missus
764 1441 1016 1486 Philopolemi
1035 1444 1244 1477 redimendi
1260 1443 1386 1488 gratia
1402 1453 1475 1477 non
1494 1442 1667 1484 redierit,

244 1491 372 1532 solvat
401 1490 484 1534 ipse
515 1487 700 1540 Hegioni,
740 1487 870 1531 quanti
913 1486 978 1520 ille
1016 1486 1134 1531 fuerit
1170 1490 1403 1523 aestimatus.
1458 1488 1520 1523 sic
1563 1492 1666 1522 recte

246 1535 469 1572 Lambinus.
520 1532 658 1567 Misero
683 1533 845 1566 actionis
869 1530 1020 1566 futurae
1044 1533 1301 1576 celeritatem,
1336 1533 1413 1567 cito
1438 1531 1527 1568 fieri
1555 1532 1663 1574 illud,

247 1581 350 1627 quod
373 1579 542 1614 futurum
567 1578 831 1623 praedicatur,
855 1577 1011 1611 indicat.
1059 1577 1114 1612 Cf.
1143 1589 1240 1623 quae
1267 1575 1401 1623 ‘paullo
1427 1583 1514 1611 ante
1538 1578 1586 1611 de
1610 1577 1666 1612 fu·

246 1631 335 1662 turo
360 1629 494 1659 exacto
521 1624 696 1661 diximus.
746 1622 817 1658 Vbi
840 1622 1015 1655 induciae
1039 1629 1167 1665 erunt,
1197 1624 1327 1658 statim
1350 1624 1519 1662 mittam,
1551 1623 1667 1657 alium

247 1671 412 1717 quidem.
461 1668 562 1704 Illuc
585 1674 687 1702 tuum
720 1668 789 1712 qui
819 1667 1014 1701 conveniat
1039 1674 1183 1713 patrem
1207 1669 1404 1712 Scioppius
1436 1679 1537 1712 susp.
1564 1668 1668 1702 lectt.

246 1718 300 1758 V,
327 1717 381 1749 11.
407 1715 551 1749 omittit
574 1713 668 1748 illac
693 1718 731 1746 et
755 1723 823 1757 pro
851 1712 1044 1747 conveniat
1065 1715 1199 1758 reponi
1223 1714 1328 1748 iubet
1347 1723 1394 1746 cx
1415 1713 1456 1748 V.
1475 1715 1665 1748 Camerar.

248 1757 341 1796 cod.
367 1759 554 1801 convenit,
579 1759 809 1794 coniunctivi
833 1757 994 1792 formam
1021 1760 1181 1803 priscam
1207 1769 1274 1803 pro
1301 1763 1489 1800 curaverint,
1514 1764 1555 1792 ut
1574 1759 1668 1792 edim

276 1816 319 1841 ro
345 1805 458 1840 edam.
507 1804 592 1839 Hoc
618 1813 687 1838 nec
711 1813 805 1847 opus
834 1807 893 1837 est
924 1813 1044 1848 neque
1075 1814 1219 1838 verum.
1268 1804 1431 1838 Omissio
1459 1804 1668 1848 particulae

247 1853 343 1887 nuuc
367 1849 457 1885 mihi
484 1859 632 1926 quoqlue
656 1848 864 1893 probabilis
891 1853 960 1882 est.
1371 1870 1374 1873 .

340 1895 385 1932 V·
409 1896 467 1931 93.
516 1895 572 1930 Vu
589 1905 638 1939 go
663 1893 802 1928 miseris
825 1893 945 1927 mand.
971 1898 1011 1927 at
1036 1893 1078 1928 V.
1106 1894 1145 1927 C.
1172 1893 1274 1927 Cam.
1298 1892 1467 1936 iusseris,
1498 1894 1558 1928 cui
1582 1905 1669 1928 con·

250 1942 417 1977 sentiunt
441 1939 534 1974 Pall.
560 1949 701 1973 omnes.
748 1939 988 1973 constructio
1020 1949 1093 1972 non
1128 1944 1186 1973 est
1214 1939 1388 1973 mandata
1418 1939 1567 1982 iubere,
1602 1940 1669 1973 sed

250 1987 425 2022 mandata
443 1984 618 2032 perferre
641 1983 777 2018 iubere.

295 2053 305 2061 .
344 2032 389 2067 V-
412 2032 468 2066 94.
515 2029 640 2077 ⁹Hegio
658 2027 1013 2074 Pseudotyndarum
1032 2029 1070 2061 in
1088 2028 1233 2063 Elidem
1250 2029 1349 2062 mitti
1371 2028 1557 2070 noluerat,
1576 2039 1670 2073 qnae

251 2086 314 2111 res
338 2081 471 2112 contra
493 2075 719 2109 sententiam
744 2074 917 2118 Tyndari
941 2074 1100 2115 accidit,
1134 2084 1254 2118 neque
1273 2084 1319 2108 ex
1340 2084 1382 2108 re
1401 2080 1458 2108 est
1476 2075 1670 2119 utriusque

252 2121 406 2167 captivi.
453 2120 689 2155 Persuadere
721 2119 841 2172 igitur
872 2118 1069 2152 consilium
1101 2130 1208 2152 suum
1235 2120 1400 2164 Hegioni
1429 2118 1671 2154 vehementer

252 2167 383 2202 studet
405 2165 621 2209 Tyndarus.
667 2162 772 2199 Nihil
797 2167 878 2205 est,
911 2163 1055 2207 inquit,
1090 2164 1259 2208 ignotum
1293 2164 1340 2197 ad
1365 2164 1473 2199 illum
1505 2165 1670 2198 mittere.

253 2210 472 2246 lusinitivus
495 2209 642 2243 mittere
665 2213 725 2243 est
750 2207 833 2242 loco
857 2207 1031 2242 subiecti.
1087 2208 1259 2252 ignotum
1292 2209 1341 2242 ad
1365 2208 1471 2242 illum
1503 2209 1671 2251 mittere,

250 2255 396 2291 frustra
419 2259 497 2296 est,
533 2252 627 2288 nihil
659 2253 825 2298 expedit.
884 2251 1044 2296 Operam
1076 2253 1218 2287 luseris.
1274 2254 1396 2295 Quum
1429 2254 1493 2298 qui
1522 2254 1670 2295 ludunt,

253 2301 382 2336 inania
397 2303 610 2345 peragant,
639 2309 787 2343 operam
805 2297 931 2332 ludere
950 2303 1008 2331 est
1025 2299 1172 2332 inanem
1191 2308 1433 2341 consumere,
1459 2299 1557 2343 quod
1578 2300 1671 2334 alias

254 2347 416 2389 dicitur,
441 2355 595 2389 operam
620 2344 792 2388 perdere.
844 2343 977 2377 servus
996 2354 1041 2377 ex
1057 2342 1238 2378 sententia
1255 2344 1455 2386 iucundus,
1480 2350 1671 2390 acceptus.

250 2392 351 2428 Nam
387 2399 484 2435 quae
514 2389 696 2431 iucunda,
731 2393 887 2433 accepta
919 2393 1027 2429 sunt,
1069 2399 1116 2423 ex
1148 2389 1337 2423 sententia
1368 2388 1456 2423 fieri
1482 2390 1670 2425 dicuntur.

251 2435 452 2471 Audacius.
498 2435 631 2470 Audax
656 2433 826 2479 pericula
849 2434 1065 2468 contemnit.
1113 2435 1302 2468 Audacter
1329 2435 1484 2469 credere
1517 2435 1670 2479 dicitur,

248 2483 320 2527 -qui
345 2482 426 2516 sine
450 2479 611 2525 periculi
632 2485 756 2521 metu,
782 2483 862 2512 tute
886 2488 931 2512 ac
955 2489 1107 2521 secure,
1135 2479 1269 2513 credit.
1295 2498 1337 2505 —
1380 2480 1505 2526 Vulgo
1530 2481 1671 2525 legitur

253 2538 288 2561 v.
309 2528 396 2562 1⁰⁰:
428 2536 484 2560 me
516 2536 588 2560 esse
617 2525 708 2567 scie,
743 2529 855 2568 atque
889 2525 942 2557 ita
976 2523 1155 2558 exhibent
1188 2525 1231 2560 V.
1267 2525 1305 2559 C.
1339 2529 1378 2558 et
1411 2524 1505 2559 Pau.
1566 2526 1670 2560 Vnde

251 2571 425 2614 fuerunt,
450 2571 514 2616 qui
537 2570 766 2605 scriberent:
790 2569 870 2603 med
885 2580 957 2603 esse
975 2569 1056 2603 ecit.
1104 2570 1177 2604 Sed
1197 2580 1242 2604 ne
1262 2569 1332 2605 hac
1351 2570 1502 2614 quidem
1522 2572 1670 2606 ratione

204 2637 209 2640 «
256 2618 423 2652 numeris
447 2615 667 2651 consulitur.
716 2615 928 2649 Lenissima
952 2615 1145 2657 medicina·
1162 2620 1220 2649 est
1242 2616 1501 2660 transpositio.

347 2662 458 2696 Cedit
480 2662 520 2695 in
546 2660 718 2706 Tyndari
741 2661 966 2694 seutentiam
992 2661 1140 2705 Hegio,
1173 2671 1246 2738 Ἱυο
1278 2660 1379 2695 facto
1412 2661 1467 2695 ita
1493 2662 1668 2696 convenit

251 2706 353 2740 inter
384 2711 609 2751 utrumque,
642 2709 685 2740 ut
717 2705 1049 2750 Pseudotyndarus
1082 2706 1119 2738 in
1152 2706 1301 2740 Eidem
1338 2706 1524 2741 mittatur.
1588 2706 1671 2742 Tua

243 2751 326 2798 fide
349 2756 409 2786 est
430 2752 498 2786 sub
532 2756 599 2786 tua
629 2751 850 2795 sponsione,
885 2756 921 2784 te
953 2760 1145 2795 sponsore.
1200 2751 1432 2798 Adsuetum
1465 2751 1564 2786 cedit
1594 2762 1669 2794 res,

186 2838 188 2840 r
250 2806 366 2840 quum
390 2796 603 2832 deliberata
626 2806 670 2831 ac
694 2795 847 2832 decreta
870 2796 1019 2831 tandem
1045 2797 1251 2842 peragitur.
1304 2795 1465 2842 Optuma
1487 2795 1571 2831 ιἰιω.
1612 2797 1668 2830 Ad

245 2841 434 2888 Hegionis
457 2842 739 2888 quaestionem,
770 2851 858 2877 num
882 2851 979 2887 quae
1001 2841 1054 2878 sit
1078 2852 1230 2886 caussa,
1265 2842 1356 2887 quin
1381 2842 1514 2887 viginti
1548 2841 1666 2876 minas
