1742 3152
231 243 288 286 48
771 242 1114 286 carrlvonvu

150 357 206 400 30
235 355 348 397 Nn'mc
378 356 493 396 redeo
521 354 632 405 inde,
664 354 847 408 qnoniam
876 368 939 396 me
966 355 1023 396 ibi
1053 355 1165 397 video
1193 354 1448 398 ludificarier.

146 635 202 678 35

231 410 337 454 'item
366 411 436 453 alii
466 410 631 451 Parasiti
661 411 808 452 frustra
837 411 1141 452 obambulabant
1167 411 1211 452 ia
1238 411 1338 454 foro.

229 468 344 510 Nt‘mc
374 467 582 508 barbarica
609 466 700 518 tege
729 473 876 508 certum
906 474 966 508 est
995 468 1057 508 isis
1087 481 1214 508 meum
1243 480 1357 508 omne
1384 467 1584 521 persequi.

234 522 314 576 Qui
343 523 551 564 concilium
581 522 729 575 iniere,
750 536 837 577 ‘quo
865 537 939 564 nos
968 524 1074 564 victu
1102 530 1142 565 et
1169 523 1250 565 vita
1279 523 1531 577 prohibeant3

235 582 306 621 His
336 581 437 620 diem
467 580 615 629 dicam,
645 579 831 632 irrogabo
860 580 1063 631 mulctam,
1094 588 1136 620 ut
1164 580 1263 620 mibi
1288 580 1435 621 cnemis
1463 582 1601 620 decem

233 638 325 677 Meo
355 636 545 676 sirbitratu
573 637 685 687 dent,
715 649 831 689 quom
861 649 955 677 cara
983 637 1139 676 annona
1167 636 1241 687 sit;
1276 636 1337 675 sic
1366 638 1505 687 egero.-

233 694 346 734 Ni'mc
376 693 440 732 ibo
471 693 520 732 ad
550 700 700 745 portum
730 692 842 743 hine3
872 699 930 743 est
959 693 1042 733 illic
1071 693 1122 732 mi
1151 693 1231 733 lina
1258 705 1352 746 spes
1383 690 1607 742 coenatio&

233 750 276 790 Si
307 748 356 789 ea
385 749 597 804 decolabit,
641 749 776 790 redibo
804 750 882 789 huc
912 749 961 790 sid
989 762 1147 801 senem,
1190 750 1240 790 ad
1269 761 1431 790 coenan
1456 748 1657 801 asperam·

235 858 379 893 riorum
404 858 609 900 tabernae,
635 858 699 903 qui
724 858 859 893 olearii
884 858 1171 893 mercimonium
1191 867 1301 892 suum
1319 867 1449 892 omues
1466 855 1656 892 communi

236 909 276 942 et
298 905 521 948 ‚composito
554 905 676 948 pretio
714 904 927 939 vendidisse
969 904 1157 940 videntur.
1217 902 1399 946 Quoniam
1440 907 1564 938 ortum
1605 911 1656 939 ex

234 948 470 994 quomdam,
513 949 545 982 si
580 957 682 983 recte
718 949 902 992 coniicio,
944 958 1080 984 causae
1112 948 1304 983 notionem
1345 958 1430 983 cum
1470 947 1656 993 tempori·

238 993 520 1039 significatione
545 994 758 1040 coniungit,
790 993 988 1040 valetque:
1022 993 1072 1029 da
1095 1003 1169 1027 nun
1194 993 1354 1037 einmal,
1388 993 1478 1028 weil
1502 991 1655 1036 einmal,

234 1040 322 1073 weil
352 1041 409 1080 ἐι,
434 1038 523 1073 weil
546 1049 632 1078 nun.

360 1108 370 1119 .
395 1085 452 1120 32.
500 1085 734 1128 Quamquam
768 1088 856 1118 ante
888 1094 930 1118 se
961 1083 1177 1119 consolatus
1202 1087 1285 1118 erat
1308 1084 1518 1128 parasitus,
1551 1082 1654 1127 quod

235 1129 306 1164 alii
330 1130 445 1164 etiam
471 1130 628 1174 parasiti
653 1128 796 1164 frustra
819 1130 858 1163 in
882 1129 967 1164 foro
992 1129 1320 1171 obambulassent,
1350 1134 1475 1163 tamen
1503 1129 1586 1163 iure
1608 1137 1653 1163 se

236 1186 281 1209 ac
313 1174 462 1219 legibus
503 1185 587 1209 cum
630 1174 827 1209 iuvenibus
871 1175 955 1208 istis
999 1173 1242 1208 immunificis
1283 1179 1456 1208 acturum
1495 1183 1653 1217 poenas·

235 1230 308 1264 que
342 1220 681 1264 iis'irrogaturum
714 1221 780 1253 ait.
845 1219 904 1254 De
933 1221 1013 1263 lege
1043 1218 1237 1253 barbarica
1272 1219 1425 1253 Rostius
1455 1218 1493 1251 in
1525 1218 1653 1263 singu-

238 1265 310 1299 lari
333 1265 539 1309 scriptione
563 1263 790 1298 scholastica
819 1265 909 1310 egit.
969 1266 1058 1298 Eius
1091 1264 1301 1304 sententia,
1332 1265 1394 1298 cui
1420 1263 1651 1304 accedimus,

234 1309 327 1344 haec
349 1309 430 1343 fere
456 1314 526 1343 est.
574 1309 684 1351 Quod
711 1311 830 1353 legem
863 1308 1095 1343 barbaricam
1125 1308 1337 1354 significari
1362 1309 1564 1343 Romanam
1588 1319 1652 1342 vo·

234 1356 334 1396 lunt,
360 1355 398 1388 id
424 1355 574 1398 quidem
601 1365 672 1387 non
698 1355 853 1388 dubium
877 1359 945 1388 est.
993 1355 1067 1389 Sed
1084 1364 1266 1398 nusquam
1286 1354 1488 1408 vestigium
1511 1358 1653 1395 exstat,

236 1405 275 1434 et
302 1409 390 1434 vero
415 1409 457 1442 re
481 1399 563 1444 ipsa
591 1400 743 1433 minime
768 1399 965 1445 probabile
997 1404 1073 1441 est,
1109 1400 1338 1444 peculiarem
1371 1398 1558 1433 eiusmodi
1584 1409 1651 1432 un-

235 1454 346 1489 quam
372 1444 494 1489 leg'em
521 1444 634 1478 latam
668 1453 772 1487 esse,
806 1453 853 1478 ex
887 1455 978 1489 qua,
1018 1445 1084 1489 qui
1118 1445 1319 1479 concilium
1351 1445 1541 1486 iniissent,
1574 1452 1651 1488 quo

234 1491 338 1523 cives
362 1490 465 1524 rictu
491 1489 755 1534 prohiberent,
779 1490 817 1522 in
841 1490 900 1523 ius
925 1494 1163 1524 vocarentur.
1211 1490 1343 1534 Neque
1366 1490 1549 1523 credibile
1578 1494 1652 1530 est,

233 1534 306 1569 hoc
325 1534 408 1571 loco
429 1536 635 1579 parasitum
649 1558 659 1575 ,
684 1535 749 1579 qui
767 1541 898 1579 aperte
919 1544 966 1568 ex
984 1544 1043 1575 eo,
1068 1534 1166 1578 quod
1186 1533 1327 1569 factum
1347 1543 1430 1568 esse
1449 1538 1650 1578 repugnat,

231 1581 350 1624 risum
375 1585 532 1624 captat,
557 1580 603 1613 ad
637 1580 759 1625 legem
793 1580 957 1624 aliquam
986 1589 1112 1613 veram
1134 1580 1369 1624 respexisse.
1417 1577 1499 1613 Lex
1525 1580 1647 1624 igitur

232 1624 270 1659 h.
289 1625 312 1658 l.
339 1626 464 1670 potius
498 1624 599 1659 valet
627 1625 674 1658 de
707 1624 851 1660 ratione
875 1626 957 1669 lege
988 1623 1145 1668 agendi,
1179 1624 1246 1658 (las
1275 1623 1523 1670 gei-ichtliche
1560 1625 1651 1658 ver-

231 1669 387 1718 tam-en,
423 1670 511 1714 qnia
534 1679 648 1714 saepe
672 1671 805 1704 eadem
830 1670 937 1715 lege,
972 1679 1046 1714 qua
1078 1669 1222 1714 aliquid
1257 1669 1498 1713 prohibetur,
1532 1670 1649 1703 etiam

233 1715 371 1760 agendi
404 1715 579 1748 in·reum
614 1715 721 1754 ratio,
745 1715 1029 1759 praescribitur.
1088 1715 1192 1749 Dicit
1219 1715 1336 1760 igitur
1366 1716 1573 1760 parasitus,
1607 1723 1650 1748 se

232 1762 405 1795 Romano
438 1769 544 1794 more
576 1761 635 1794 ius
667 1770 774 1796 suum
808 1765 1104 1805 persecuturum.
1161 1761 1235 1801 Qui
1271 1770 1374 1802 mos,
1415 1761 1488 1793 nisi
1523 1760 1651 1794 omnia

233 1806 394 1848 fallunt,
427 1805 466 1838 in
492 1812 536 1838 eo
562 1806 736 1849 ponitur,
769 1811 811 1839 ut
834 1814 1004 1839 caussam
1033 1814 1139 1839 suam
1172 1806 1211 1838 in
1242 1805 1383 1839 iudicio
1415 1805 1544 1849 populi
1567 1805 1649 1840 sivo

233 1850 540 1886 extraordinario
567 1850 773 1895 disceptari
797 1851 903 1884 velit.
958 1850 1030 1884 nis
1055 1851 1153 1884 enim
1178 1850 1307 1895 populi
1338 1850 1489 1884 iudiciis
1512 1850 1650 1884 solem·

232 1897 291 1930 nis
318 1900 401 1929 erat
425 1894 589 1929 formula
613 1895 708 1929 diem
731 1895 873 1938 dicere,
906 1905 975 1939 pro
1008 1905 1082 1939 qua
1114 1896 1153 1928 in
1186 1896 1334 1940 privato
1361 1895 1503 1930 iudicio
1527 1896 1566 1929 in
1591 1895 1650 1929 ius

231 1951 364 1975 vocare
377 1940 585 1974 dicebatur.
632 1939 743 1974 Diem
758 1950 846 1974 vero
862 1940 984 1974 dicere
998 1941 1150 1981 nemini,
1171 1945 1434 1985 praeterquam
1450 1942 1650 1985 niagistra-

233 1987 308 2028 tui,
335 1986 452 2019 veluti
477 1986 650 2027 tribuno,
677 1986 896 2030 quaestori,
919 1985 1035 2018 aedili
1060 1985 1212 2019 licebat.
1259 1987 1543 2020 Accusationem
1562 1996 1650 2019 con-

232 2032 369 2066 stituta
394 2030 546 2064 inadie
571 2029 708 2064 factam
733 2031 962 2075 sequebatur
985 2032 1124 2064 micltae
1142 2041 1327 2076 poenaeve
1349 2031 1553 2075 irrogatio,
1579 2030 1650 2065 hoc

233 2082 314 2117 est,
351 2075 500 2123 rogatio
532 2076 579 2109 ad
617 2086 663 2120 po
693 2075 814 2118 ulum,
849 2082 891 2109 ut
923 2075 1080 2110 multam
1114 2086 1341 2121 poenamve,
1376 2087 1400 2110 a
1423 2077 1650 2121 magistratu

229 2122 486 2167 propositam,
510 2131 579 2153 suo
602 2131 645 2154 su
680 2122 786 2165 ragio
811 2125 932 2154 ratam
952 2121 1107 2155 faceret.
1126 2139 1169 2151 η
1205 2121 1401 2155 Parasitus
1425 2121 1544 2166 igitur
1560 2131 1650 2166 qua·

232 2168 321 2200 tuor
345 2166 473 2200 modis
491 2165 692 2200 ridiculum
716 2175 758 2199 se
781 2165 950 2210 praebet.
985 2165 1165 2212 ,Primum
1190 2167 1290 2210 quod
1323 2166 1407 2211 lege
1440 2176 1555 2210 agere
1586 2168 1651 2200 de·

232 2211 354 2246 cernit
378 2212 415 2244 in
437 2219 501 2250 re,
533 2210 615 2251 cui,
644 2210 738 2254 quia
772 2209 988 2244 voluntaria
1019 2216 1123 2252 erat,
1149 2210 1398 2254 praestandae
1424 2220 1532 2244 nemo
1565 2216 1650 2245 erat

234 2256 439 2290 obnoxius.
484 2255 632 2288 Deinde
657 2255 756 2299 quod
785 2255 974 2298 publicam
996 2255 1184 2289 actionem
1219 2265 1286 2299 pro
1319 2255 1422 2290 cirili
1448 2257 1647 2290 instituere

232 2301 332 2343 vult;
367 2300 468 2335 actio
501 2301 600 2334 enim
634 2299 819 2344 prohibiti
851 2304 892 2334 et
924 2308 996 2335 nou
1031 2299 1212 2342 exhibiti,
1246 2310 1319 2345 quo
1354 2300 1447 2335 hanc
1479 2303 1645 2345 speciem

231 2345 377 2380 referre
406 2345 550 2391 possis,
589 2345 689 2379 inter
721 2346 889 2390 privatas
930 2345 1159 2379 nunieranda
1198 2351 1267 2379 est.
1325 2345 1445 2380 Porro
1479 2347 1579 2391 quod
1611 2348 1649 2380 in

233 2390 392 2436 propria
418 2400 552 2426 caussa
580 2390 727 2424 iudicat
757 2395 796 2424 et
829 2390 1000 2435 privatus
1033 2391 1128 2424 adeo
1160 2395 1275 2435 atque
1308 2390 1506 2426 illiberalis
1536 2391 1649 2426 homo

202 2430 205 2435 ⁴
232 2437 480 2482 magistratus
513 2445 668 2470 munere
700 2434 914 2469 functurum
947 2446 989 2469 se
1022 2435 1125 2469 dicit.
1183 2436 1355 2480 nonique
1388 2438 1488 2481 quod
1523 2438 1650 2471 stricti

231 2482 547 2521 inrisam-tionem
581 2490 673 2515 cum·
698 2480 906 2515 arbitraria
939 2479 1134 2514 confundit
1172 2481 1382 2526 arbitrique
1417 2483 1648 2527 provinciam

233 2532 312 2561 tam
337 2536 471 2561 serere
497 2526 760 2567 administrat,
785 2531 827 2560 ut
850 2536 922 2561 non
948 2535 994 2559 ex
1023 2536 1143 2570 aequo
1170 2532 1208 2560 et
1227 2527 1324 2560 bono
1344 2536 1514 2561 caussam
1535 2529 1647 2561 aesti-

230 2578 326 2614 met,
361 2580 543 2615 reosque,
575 2570 648 2605 nisi
679 2580 758 2606 rem
790 2571 912 2605 actori
944 2571 1073 2605 statim
1110 2571 1383 2614 reddidissent,
1419 2573 1457 2606 in
1492 2574 1647 2618 triplum

209 2638 215 2642 ·
236 2626 304 2652 out
328 2615 596 2661 quadruplum,
622 2616 723 2661 quod
745 2626 932 2653 summum
957 2622 1058 2657 erut,
1091 2617 1335 2658 condemnet,
1364 2619 1431 2651 sed
1456 2618 1647 2660 decernat,

230 2668 273 2696 ut
303 2663 378 2696 sibi
412 2670 550 2697 coenas
583 2661 713 2696 decem
746 2661 876 2703 deut,
899 2672 982 2695 cum
1021 2672 1110 2696 cura
1149 2672 1295 2696 annona
1334 2663 1395 2696 sit.
1455 2664 1647 2698 Hactenus

234 2708 400 2742 Bestius.
423 2726 469 2734 --
494 2706 727 2746 Concilium,-
750 2707 1070 2751 pronunciandum
1097 2712 1177 2742 est:
1206 2707 1282 2750 Qui
1303 2709 1501 2753 concionem
1517 2709 1647 2749 iniere,

233 2755 277 2785 ut
303 2751 499 2786 concilium
523 2752 576 2786 sit
600 2751 854 2797 trisyllabum.
904 2751 970 2786 Sic
992 2762 1116 2796 egero.
1168 2752 1279 2794 Vide,
1303 2763 1400 2797 quae
1416 2764 1531 2798 supra
1549 2754 1645 2787 dixi-

232 2806 316 2831 mus
341 2797 388 2831 ‹le
414 2796 541 2831 fotum
567 2803 702 2832 exacto
726 2797 775 2832 ad
796 2797 853 2839 u,
877 2798 917 2839 2,
942 2797 999 2832 64.
1050 2798 1140 2842 §pes
1163 2788 1333 2832 decolare
1353 2798 1510 2839 dicitur,
1534 2808 1646 2843 quum

233 2841 347 2879 fultis.
395 2842 552 2888 Proprie
578 2843 677 2877 enim
704 2842 875 2878 decolat-e
907 2843 1071 2878 activum
1106 2847 1187 2884 est,
1220 2843 1417 2890 idemque,
1449 2845 1551 2888 quod
1578 2853 1647 2888 per
