1742 3152
241 223 330 270 104,
709 215 915 270 nume
943 225 1198 273 Gtoniosi

239 337 317 393 Py.
345 337 498 393 Ecquid
526 337 767 381 meministi?
821 339 906 383 Ar.
934 340 1120 395 Memini.
1177 340 1342 386 centnm
1369 342 1411 386 in
1440 344 1603 401 Cilicia,

239 395 291 436 Et
320 395 604 450 quinquaginta
632 398 787 437 centum
811 392 1163 451 Syeolatrdnidae,
1237 408 1255 417 ”

240 451 427 504 Triginta
456 452 594 505 Sardi,
631 452 845 505 sexaginta
873 453 1135 506 Macedones,

155 502 212 546 45
241 508 342 549 Sunt
369 508 568 560 hemines,
596 514 638 549 tu
667 521 766 563 quos
794 509 971 550 occidisti
1002 511 1080 551 und
1109 509 1187 551 die.

238 564 316 617 Py.
346 564 503 615 Quanta
530 565 653 606 istaec
680 565 878 606 hominum
908 567 1059 607 summa
1088 566 1177 607 est?
1237 564 1316 607 Ar.
1340 565 1499 621 Septem
1525 570 1659 612 millia.

237 620 316 674 Py.
346 621 517 662 Tantum
549 624 639 663 esse
668 629 840 676 oportet3
878 625 984 663 reete
1015 622 1202 663 rationem
1232 628 1356 663 tenes.

237 678 321 718 Ar.
348 678 398 718 At
425 678 556 719 nullos
583 678 711 720 habeo
739 679 928 733 scriptos3
968 679 1028 720 sie
1056 679 1214 720 memini
1242 685 1384 720 tamen.

239 732 316 787 Py.
346 734 497 787 Edepdl
528 734 715 776 memoria
743 745 803 776 est
832 736 1003 789 dptuma.
1060 734 1143 777 Ar.
1174 734 1267 776 'Offa
1297 738 1462 788 emanet.

154 781 212 825 50
239 789 316 843 Py.
344 790 447 830 Dum
477 791 594 831 uilem
623 791 770 844 facies,
800 793 954 847 qualem
984 793 1135 846 adhue,
1172 792 1333 833 assiduo
1362 793 1481 844 edes3

237 845 544 888 Communicabo
573 850 730 902 semper
759 855 796 889 te
825 850 961 890 mensa
989 862 1090 891 mea.
1118 854 1124 855 ’

235 901 319 944 Ar.
349 903 453 953 Quid
483 904 524 944 in
554 903 829 960 cappadocia,
866 905 936 946 uhi
963 911 1004 946 tu
1033 904 1270 960 quingentds
1298 904 1440 958 simul,

235 958 288 1000 Ni
318 960 440 1001 hebes
470 962 678 1002 machaera
705 962 827 1013 foret,
865 975 944 1002 uno
971 965 1053 1002 ictu
1081 961 1311 1003 occideres?

236 1014 316 1070 Py.
345 1016 394 1057 At
424 1018 619 1071 peditatus
647 1017 838 1074 reliquiae
868 1025 1002 1072 eraut,
1032 1018 1068 1060 si
1097 1018 1287 1061 viverent.

330 1115 376 1153 V.
397 1117 455 1151 42.
489 1115 574 1152 Alia
597 1127 667 1152 sua
690 1117 846 1164 egregia
878 1115 1051 1153 facinora
1081 1127 1106 1154 a
1138 1117 1308 1164 parasito
1341 1116 1545 1151 memorari
1578 1115 1660 1151 vult

191 1174 197 1181 ¹
235 1159 360 1197 miles.
412 1161 717 1208 Sycolatronidae
740 1162 874 1197 fictum
898 1163 1031 1198 vocab.
1064 1174 1087 1198 a
1118 1165 1252 1205 σῦκος
1283 1166 1323 1196 et
1353 1164 1450 1196 latro
1475 1162 1660 1206 composi·

240 1210 337 1241 tum.
386 1206 505 1242 Recte
528 1212 637 1242 notat
661 1208 744 1242 Koe
774 1207 857 1242 kius
880 1207 920 1242 in
944 1209 1044 1242 notis
1069 1209 1117 1243 ad
1140 1218 1245 1243 vern.
1272 1208 1401 1242 transl.
1422 1206 1532 1241 huius
1553 1207 1658 1241 fabu-

236 1250 321 1294 lae,
353 1253 545 1297 respicere
571 1258 724 1298 poetam
776 1264 820 1288 ac
843 1263 935 1288 voce
960 1252 1140 1298 fingenda
1163 1252 1276 1288 simul
1307 1252 1355 1287 ad
1380 1251 1564 1287 famosum
1587 1253 1658 1297 Sy·

237 1307 283 1332 co
311 1295 512 1332 hantarum
540 1306 689 1334 nomen.
745 1299 932 1332 Recenset
963 1301 1154 1344 parasitus
1188 1307 1385 1332 numerum
1419 1297 1610 1332 hominum
1635 1308 1659 1332 a

235 1342 289 1377 mi
307 1343 359 1376 ite
385 1353 459 1377 uno
486 1344 524 1377 in
549 1343 697 1387 proelio
723 1343 958 1386 occisorum
987 1348 1026 1378 et
1050 1344 1308 1390 interrogatus
1333 1344 1380 1378 ab
1405 1344 1494 1384 illo,
1519 1349 1659 1388 quanta

235 1388 288 1422 sit
318 1398 486 1431 summa,
526 1389 749 1423 immensum
783 1393 919 1434 auget,
946 1388 1122 1424 laudatus
1156 1400 1178 1423 a
1212 1389 1350 1432 milite,
1384 1390 1446 1434 qui
1471 1390 1657 1422 rationem

237 1443 462 1478 comparere
487 1434 554 1468 ait.
604 1435 734 1470 Verba
758 1433 837 1480 offa
861 1439 1004 1468 emanet
1025 1435 1072 1469 ad
1098 1439 1333 1478 spectatores
1358 1443 1577 1469 conversum
1604 1434 1659 1467 di·

236 1487 323 1513 cere
350 1479 584 1523 parasitum,
621 1479 865 1525 ultrovpatet.
913 1479 1057 1525 Vulgo:
1095 1478 1128 1514 0
1163 1491 1187 1514 a
1209 1490 1265 1515 me
1287 1485 1417 1514 monet.
1475 1480 1514 1513 in
1540 1479 1658 1514 Codd.

234 1524 282 1559 V.
307 1524 409 1558 Cam.
443 1529 483 1558 et
515 1525 605 1559 Dec.
640 1529 719 1559 est=
761 1523 872 1570 Offae
896 1526 1028 1559 manet.
1085 1526 1113 1559 C
1132 1551 1140 1559 .
1167 1525 1260 1560 Kam
1293 1536 1414 1559 mann.
1444 1525 1482 1558 in
1505 1526 1658 1559 Annott.

234 1569 275 1603 in
299 1569 425 1604 Plauti
451 1570 545 1604 itud.
567 1580 652 1615 pag.
673 1572 706 1603 2.
754 1571 897 1605 Hiatus
914 1573 952 1604 in
971 1570 1076 1604 brevi
1098 1571 1249 1616 syllaba
1284 1571 1372 1604 maii
1393 1580 1472 1603 voc.
1498 1575 1658 1614 optuma.

237 1612 383 1657 Monet,
415 1626 606 1650 memorem
629 1614 756 1663 facit,
791 1615 1002 1650 memoriam
1040 1615 1223 1661 suggerit.
1280 1615 1341 1650 Sic
1376 1615 1504 1648 Dousa
1534 1615 1657 1649 Plaut.

237 1660 339 1706 expl.
360 1661 432 1703 ΙΙΙ,
457 1663 499 1703 7,
551 1661 734 1695 roducens
758 1670 908 1695 versum
934 1671 955 1695 e
981 1662 1225 1695 Curculionez
1262 1660 1318 1695 nil
1344 1665 1383 1694 w
1411 1671 1466 1694 me
1492 1666 1659 1694 satarum

234 1705 432 1740 monueris.
451 1724 494 1732 -
562 1709 627 1740 am
648 1707 759 1740 talem
773 1706 911 1754 facies.
960 1706 1018 1740 De
1037 1707 1225 1740 industria
1243 1707 1394 1740 videtur
1414 1711 1527 1750 poeta
1547 1706 1658 1740 omit·

234 1750 349 1787 teudo
368 1752 590 1795 pronomine
607 1751 895 1797 ambiguitatem
916 1752 1160 1796 quaesivisse.
1208 1752 1326 1786 Prout
1346 1751 1444 1784 enim
1464 1751 1522 1784 vcl
1542 1756 1577 1785 te
1596 1751 1659 1786 vel

235 1805 291 1878 ἴω
315 1793 607 1875 ἐυΙῖἰηιθΙΙίςειε,
641 1796 704 1832 vel
735 1797 967 1843 parasitum,
1002 1796 1064 1831 vel
1090 1798 1136 1831 ‘se
1169 1798 1292 1843 ipsum
1325 1796 1524 1831 ridendum
1550 1806 1656 1842 prae-

265 1846 305 1877 et
327 1843 379 1876 mi
398 1852 450 1876 es.

325 1887 371 1923 V.
391 1888 447 1921 52.
476 1887 748 1922 Iucundissime
771 1888 821 1923 ad
845 1897 956 1923 aures
976 1888 1147 1933 parasito
1163 1887 1406 1928 acciderunt,
1430 1897 1526 1932 quae
1548 1887 1656 1921 miles

235 1931 284 1968 de
311 1942 442 1967 mensa
465 1942 534 1968 sua
560 1934 798 1979 promiserat.
848 1934 950 1978 Ergo
975 1934 1092 1968 altius
1118 1934 1234 1967 etiam
1259 1932 1427 1978 assurgit
1455 1942 1591 1978 praeco
1618 1937 1657 1967 et

233 1977 491 2023 impudentius
525 1979 718 2014 mentitur.
786 1977 839 2013 Ni
869 1979 973 2013 hebes
1014 1978 1211 2013 machaera
1242 1978 1351 2027 foret
1385 1997 1427 2004 —
1462 1979 1656 2012 occideres.

232 2022 426 2068 Displicet
449 2023 499 2065 im
531 2023 715 2059 erfectum
740 2028 890 2069 tempus
914 2024 1068 2059 Dousae
1093 2024 1218 2059 Plaut.
1251 2023 1351 2068 expl.
1371 2023 1442 2065 ΙΙΙ,
1467 2026 1502 2059 ⁸1.
1551 2023 1656 2058 Unde

234 2068 390 2104 coniicit
414 2069 495 2104 occi
519 2080 619 2113 eras,
673 2080 716 2105 ro
744 2069 944 2106 occidisses.
992 2069 1065 2105 Sed
1085 2074 1188 2105 recte
1207 2080 1254 2114 op
1285 2068 1364 2102 onit
1385 2069 1534 2113 Sciopp.
1555 2079 1658 2114 susp.

231 2113 339 2149 lectt.
365 2114 417 2157 V,
441 2116 475 2150 Ἰ.
500 2114 624 2149 locum
677 2139 686 2148 .
710 2126 763 2150 sc.
788 2125 905 2160 supra
922 2114 1061 2148 lectum
1087 2125 1121 2147 v.
1141 2116 1198 2149 28.
1271 2115 1320 2147 ’ot
1343 2114 1377 2148 si
1401 2114 1546 2159 quidem
1571 2125 1657 2149 con·

230 2159 333 2196 nisu·
356 2169 447 2194 esses
469 2178 512 2186 -
538 2158 815 2194 transmitteres.
863 2160 988 2194 Etiam
1035 2164 1116 2192 oret
1138 2169 1207 2204 pro
1233 2164 1323 2192 esset
1349 2168 1530 2203 persaepe
1557 2159 1656 2203 apud

229 2204 422 2240 Plautum.
471 2204 587 2240 Velut
610 2204 788 2240 Bacchid.
809 2204 882 2247 IV,
909 2206 953 2246 8,
978 2206 1000 2239 7
1041 2213 1146 2248 seqq.
1179 2205 1241 2248 qui
1277 2203 1381 2236 locus
1414 2210 1544 2237 nostro
1570 2203 1657 2238 huic

231 2248 450 2284 simillimus
476 2254 535 2284 est
564 2249 728 2296 ideoque
762 2253 867 2284 totus
898 2247 970 2283 huc
1002 2249 1190 2293 pertinet:
1238 2246 1334 2281 Nam
1365 2247 1407 2281 ni
1436 2248 1519 2282 illic
1551 2247 1657 2283 hodie

223 2293 336 2343 forte
351 2295 519 2342 fortuna
541 2293 602 2329 hic
618 2294 754 2340 forem
796 2292 910 2329 Miles
939 2292 1205 2328 Mnesilochum
1230 2303 1311 2327 eum
1335 2302 1454 2327 uxore
1478 2305 1522 2338 ομ
1551 2294 1658 2328 rime·

197 2356 201 2357 ν
232 2345 293 2376 ret
313 2349 402 2383 aaa,
431 2340 554 2386 Aeque
578 2339 815 2375 obtruncaret
834 2339 1023 2374 mosoliam
1039 2338 1366 2386 manifestarium..
1398 2339 1473 2374 Sed
1492 2350 1511 2374 c
1531 2364 1539 2373 .
1561 2348 1657 2384 quae

232 2395 351 2432 supra
376 2386 621 2430 exposuimus
645 2386 693 2420 ad
720 2385 865 2430 Captiv.
886 2384 957 2427 ΙΙΙ,
982 2386 1025 2426 4,
1052 2385 1085 2419 5.
1577 2419 1587 2423 ,

325 2429 371 2466 V.
391 2431 448 2466 54.
480 2430 531 2466 Ae
548 2431 738 2477 peditatus
762 2429 947 2475 reliquiae
971 2435 1097 2471 erant,
1120 2427 1153 2463 si
1174 2428 1348 2463 viverent.
1397 2429 1554 2464 Servavi
1576 2427 1658 2465 vul·

261 2479 365 2511 atam
390 2475 617 2518 lectionem,
678 2486 748 2512 uae
773 2475 946 2511 omnibus
972 2475 1175 2520 diiigenter
1199 2475 1398 2519 pensitatis
1426 2476 1568 2520 optime
1592 2473 1657 2511 ha-

261 2530 325 2555 ere
343 2521 558 2556 videbatur.
591 2522 709 2558 Militi
725 2527 851 2556 tamen
867 2520 1108 2555 attribuenda
1124 2520 1240 2554 verba
1261 2520 1490 2555 existimavi.
1526 2519 1657 2554 Bothii

233 2566 474 2609 emendatio,
506 2567 571 2614 qui
604 2567 721 2602 verba
754 2567 877 2602 eidem
912 2565 1068 2601 tribuit:
1105 2565 1155 2598 Ae
1180 2565 1316 2610 peditis
1355 2565 1491 2600 delicia
1521 2571 1658 2606 erant,-

215 2611 307 2647 sivi
328 2611 519 2654 viverent,
552 2616 592 2647 et
615 2618 738 2647 metro
763 2612 935 2654 laborat,
967 2615 1007 2645 et
1031 2620 1185 2656 prorsus
1219 2611 1424 2645 arbitraria
1447 2615 1516 2644 est.
1566 2612 1657 2646 voc.

229 2657 422 2704 Pedieatus
445 2658 538 2692 satis
564 2657 779 2692 defenditur
803 2656 921 2692 codd.
946 2655 1110 2691 lectione
1139 2655 1308 2701 peditat,
1342 2656 1441 2701 quod
1466 2655 1559 2690 nihil
1585 2660 1654 2698 est,

234 2703 310 2737 nisi
337 2703 600 2748 compendium
627 2713 695 2748 pro
717 2703 918 2749 peditatus.
966 2701 1039 2736 Pro
1064 2711 1156 2736 voce
1180 2701 1367 2747 reliquiae
1391 2703 1430 2736 in
1455 2701 1571 2735 Codd.
1599 2706 1657 2742 est

232 2749 451 2793 uinquam,
487 2749 588 2794 quod
613 2749 677 2794 qui
702 2749 740 2783 in
765 2746 948 2794 reliquiae
972 2751 1183 2789 mutarunt,
1215 2747 1279 2792 pol
1304 2748 1424 2794 magis
1446 2747 1655 2793 sapierunt,

264 2803 352 2828 uam
376 2792 551 2830 Bothius.
603 2794 646 2829 si
667 2794 833 2829 viverent
857 2802 925 2840 pro
950 2802 1019 2833 eo,
1043 2791 1143 2836 quod
1172 2792 1371 2828 dicendum
1395 2796 1499 2830 erat:
1524 2791 1601 2827 nisi
1621 2796 1658 2825 et

231 2803 302 2874 gae
330 2838 553 2885 (reliquiae)
576 2839 718 2877 occisae
741 2844 868 2877 essene.
915 2837 1078 2874 Dixerat
1094 2839 1345 2886 Artotrogusx
1371 2842 1412 2873 tu
1433 2837 1656 2884 quingentos

346 2996 362 3022 ’ἓ
368 3016 372 3022 1

315 3024 367 3049 ,ἦγ-
