1742 3152
203 201 261 245 40
348 231 352 236 -
649 214 654 219 '
742 204 1086 251 car'nvolwu
1612 238 1664 283 Ἃ

209 313 287 354 ΡΙι.
317 314 403 355 Νόιι
423 321 530 357 ιιιιιιιι
553 321 595 356 ιιι
616 314 920 371 ιιιιίςίειίἀθιο,
950 333 1066 373 quam
1089 319 1156 361 ffle
1180 334 1296 364 suum
1318 325 1477 375 gnatum
1504 326 1625 380 cupit.
1645 318 1649 321 ἶ

124 368 182 411 40
211 369 294 411 He.
323 372 440 414 Meus
469 372 585 424 mihi,
615 385 712 413 suus
742 374 882 428 cuique
912 383 973 416 est
1001 388 1132 417 carus.
1189 376 1268 419 Pla.
1296 379 1491 435 Numquid
1520 385 1626 425 aliud

1040 431 1100 471 vis
1162 434 1236 473 atri

206 482 426 524 Niinciari‘?
492 480 564 538 Ty.
592 482 660 524 Me
690 485 753 524 liic
785 486 938 537 valere,
971 495 1007 527 et
1037 489 1115 527 nite
1134 446 1332 529 ¹:inducret-
1361 491 1495 544 dicito,

207 537 412 592 Tyndare,
445 539 546 579 inter
573 540 645 581 nos
675 541 798 582 fuisse
829 542 987 595 ingenio
1016 544 1120 584 haud
1150 545 1425 598 discordaibili,

206 596 344 649 Neque
375 602 412 636 te
441 598 720 642 commeruisse
750 598 927 651 culpam,
959 602 1088 653 neque
1117 614 1178 643 me
1209 603 1457 644 advorsatu'im
1487 604 1579 659 tibi,

205 652 391 705 Beneque
419 653 515 693 hero
543 653 720 704 gessisse
749 668 894 695 morem
924 655 964 695 iu
993 656 1110 696 tantis
1139 659 1337 698 aerumnis
1367 666 1512 712 lamen,

122 701 176 742 45
206 708 345 762 Neque
375 722 436 761 me
465 707 634 762 uuquam
664 711 888 752 deseruisse
918 714 978 763 ιό,
1014 725 1140 766 neque
1169 713 1308 766 factis,
1341 718 1469 770 neque
1495 716 1595 772 fide,

204 764 342 805 Rebus
371 764 412 804 iu
441 765 592 818 dubiis,
622 766 774 818 egenis;
830 768 941 808 Haec
971 775 1081 821 pater
1109 771 1263 823 quando
1292 771 1410 822 sciet,

205 819 418 873 Ty'udare,
447 827 491 861 ιιι
521 821 642 863 fueris
672 823 866 865 animatus
896 826 994 877 erga
1022 839 1135 865 suum
1165 833 1325 878 gnatum
1356 828 1472 882 *itque
1501 843 1567 883 se,

203 876 411 931 Nunquam
443 877 515 918 erit
545 885 622 919 tam
651 879 818 933 avarus,
848 881 942 934 quin
972 886 1008 921 to
1038 881 1179 933 gratiis
1206 883 1331 924 mittat
1360 898 1491 926 manu.

203 931 266 974 Ἐι
294 947 382 975 mea
409 947 548 987 opera,
578 934 614 975 si
643 935 734 976 hinc
763 936 908 988 rebito,
936 936 1079 978 faciam
1109 945 1151 984 ιιι
1177 938 1299 979 faciat
1325 939 1499 983 facilius.

120 992 176 1034 50
203 989 303 1030 Nam
332 997 399 1031 tua
428 1004 549 1043 opera
578 998 615 1031 et
644 992 824 1033 comitate
854 1000 891 1034 et
916 993 1058 1035 'virtute
1088 1000 1126 1035 et
1153 995 1349 1049 sapientia

63 1081 66 1084 ,
125 1099 131 1101 ‚
201 1046 372 1099 Fecisti,
403 1052 445 1087 ιιι
473 1048 600 1088 redire
630 1048 749 1090 liceat
777 1049 826 1090 aid
855 1055 1037 1103 parentes
1066 1051 1215 1105 denuo,

204 1179 248 1215 V.
276 1179 316 1215 C.
342 1180 444 1215 Cam.
468 1183 508 1216 et
529 1180 626 1217 Pall.
677 1181 822 1218 Poteris
838 1181 1039 1226 insulsum,
1064 1182 1204 1228 poterit
1219 1194 1243 1218 a
1261 1182 1481 1219 Boxhornio
1500 1194 1625 1220 emen·

204 1225 334 1260 datum
368 1230 530 1261 metrum
563 1238 637 1262 non
670 1229 858 1263 emendat.
904 1229 1007 1274 Ergo
1037 1228 1181 1273 poterin
1209 1230 1342 1271 omisi,
1378 1230 1478 1274 quod
1509 1231 1633 1265 inter--

201 1275 477 1315 pretamentum
503 1282 607 1314 esse,
630 1275 706 1308 tria
730 1278 952 1319 argumenta
977 1274 1172 1308 evincunt:
1223 1275 1360 1309 rimum
1378 1276 1478 1320 quod
1498 1278 1622 1311 oratio

200 1316 355 1350 brevior
378 1317 567 1351 invitabat
589 1319 945 1363 interpolationem,
970 1322 1050 1352 tum
1075 1319 1176 1363 quod
1226 1320 1325 1354 iatus
1349 1321 1387 1354 in
1409 1332 1443 1353 v.
1460 1321 1622 1365 primum

199 1361 401 1396 videbatur
424 1362 724 1397 additamentum
748 1364 966 1409 postulare,
1006 1364 1168 1409 denique
1201 1365 1302 1409 quod
1335 1375 1455 1410 neque
1483 1367 1626 1410 poteris

199 1415 321 1450 neque
348 1411 507 1451 potuero
540 1418 636 1452 quae
667 1414 754 1443 sunt
785 1409 896 1444 codd.
929 1408 1135 1453 lectiones,
1180 1410 1274 1450 satis
1313 1412 1524 1445 sententiae
1564 1417 1625 1447 est

198 1451 538 1487 accommodatum.

292 1497 336 1532 V.
359 1499 417 1532 40.
465 1498 626 1540 Quaerit
654 1497 1015 1544 Pseudotyndarus‚
1053 1499 1234 1544 numquid
1267 1500 1382 1535 etiam
1419 1500 1523 1535 aliud
1556 1502 1621 1544 sit,

200 1542 301 1586 quod
326 1543 427 1587 patri
450 1544 661 1578 nuncietur.
709 1545 926 1589 Respondet
957 1555 1070 1579 verus
1102 1545 1306 1589 Tyndarus
1338 1544 1400 1579 lon
1428 1546 1510 1580 iore
1543 1557 1622 1580 ser·

199 1591 310 1622 mone
335 1592 375 1621 et
399 1587 447 1621 ad
472 1588 695 1623 movendum
724 1589 909 1635 Hegionis
935 1592 1100 1623 animum
1126 1590 1221 1623 satis
1253 1590 1411 1634 probabi
1430 1591 1504 1625 iter
1533 1603 1619 1626 con-

198 1630 313 1674 ficto,
338 1637 381 1666 ut
402 1631 464 1667 hic
479 1634 632 1667 tandem
651 1633 826 1668 lacrimas
847 1635 991 1668 oboriri
1007 1634 1079 1668 sibi
1098 1635 1250 1669 sentiat.
1299 1633 1405 1670 Inter
1422 1647 1485 1670 nos
1496 1636 1622 1682 fuisse

197 1676 352 1722 ingenio
375 1677 477 1712 Ιιαιιᾶ
497 1678 745 1713 discordabili.
793 1680 980 1714 Omissum
1005 1690 1079 1714 nos.
1127 1680 1245 1714 Plena
1271 1681 1370 1714 enim
1397 1683 1522 1715 oratio
1545 1686 1621 1717 est:

197 1733 261 1756 nos
284 1722 383 1756 inter
405 1734 469 1757 nos
483 1723 616 1770 fuisse.
663 1724 849 1764 Similiter
872 1724 971 1759 infra
1002 1735 1038 1759 v.
1057 1725 1113 1759 60.
1138 1735 1264 1759 amare
1283 1724 1383 1759 inter
1409 1738 1458 1760 se.
1509 1726 1624 1762 Haud

198 1767 461 1809 dist-ordume,
494 1769 593 1813 quod
606 1778 613 1781 ·’
627 1779 700 1802 non
733 1768 845 1804 facile
879 1770 1083 1804 discordat.
1138 1770 1180 1804 ln
1203 1779 1306 1814 seqq.
1331 1771 1476 1816 legam:
1503 1783 1622 1817 neque

198 1818 235 1847 te
258 1813 486 1847 adversatum
509 1813 611 1848 milti.
659 1814 745 1849 Hoc
769 1815 884 1849 etiam
908 1824 1067 1859 sequens
1099 1824 1231 1850 versus
1261 1815 1490 1850 confirmare
1516 1819 1620 1852 vide-

197 1862 280 1901 tur,
305 1859 385 1892 sive
409 1860 536 1904 potius
561 1859 767 1903 postulare.
819 1859 958 1894 Tamen
981 1860 1068 1894 vide
1093 1870 1188 1904 quae
1207 1871 1323 1905 supra
1338 1863 1548 1896 monuimus
1569 1863 1617 1897 ad

196 1913 232 1936 v.
253 1904 307 1937 33.
358 1904 397 1936 ln
422 1905 548 1938 verbis
572 1915 689 1948 neque
720 1914 776 1938 me
808 1915 972 1950 unquam
1004 1904 1156 1950 syllaba
1179 1915 1234 1939 me
1257 1916 1332 1940 non
1355 1906 1552 1951 liquescit3
1580 1908 1618 1942 iu

197 1948 242 1983 V.
267 1949 306 1982 C.
335 1949 436 1982 Cam.
460 1948 495 1982 h.
516 1949 541 1982 l.
565 1949 708 1994 legitur
731 1948 837 1984 med.
933 1956 939 1962 “

291 1993 335 2028 V.
361 1994 418 2028 46.
465 1994 669 2040 Tyndarus
694 1995 782 2029 dum
806 1994 875 2030 sub
900 2004 1064 2040 persona
1086 1992 1317 2030 Philocratis
1339 1997 1518 2031 mandata
1542 2002 1618 2033 tra-

197 2037 253 2072 dit
275 2037 506 2081 Philocrati,
539 2040 639 2084 patri
672 2039 918 2119 vel-ferenda,
950 2041 1033 2085 ipse
1065 2050 1106 2074 se
1140 2051 1256 2085 supra
1289 2042 1440 2076 modum
1471 2043 1616 2086 laudat,

195 2084 296 2128 quod
321 2083 563 2119 vehementer
586 2085 672 2119 iocu
692 2095 756 2119 are
781 2090 850 2120 est.
898 2085 1015 2119 Addit
1038 2084 1144 2120 haec.
1191 2087 1349 2127 Quando
1400 2092 1481 2121 ater
1502 2090 1618 2123 resci-

195 2133 297 2170 scet,
329 2129 645 2173 quemadmodum
677 2134 719 2163 tu
751 2140 844 2176 erga
873 2129 997 2163 filium
1021 2140 1130 2164 suum
1161 2132 1348 2164 animatus
1391 2134 1511 2173 ueris,
1542 2145 1615 2167 non

196 2173 350 2208 dubium
377 2178 453 2216 est,
486 2174 575 2219 quin
599 2178 637 2208 te
661 2175 781 2220 gratis
804 2175 1057 2210 manumittat.
1106 2174 1250 2219 Vulgo:
1292 2175 1383 2219 quin
1416 2182 1452 2210 te
1479 2177 1619 2220 gratus*

195 2217 342 2252 emittat
357 2229 485 2253 mann.
534 2219 578 2254 V.
603 2219 642 2252 C.
668 2220 770 2253 Cam.
791 2218 936 2264 grath.
983 2219 1092 2261 Quod
1118 2219 1266 2263 quando
1290 2221 1408 2254 semel
1429 2221 1466 2254 in
1479 2229 1616 2266 gratus

193 2267 380 2299 mutatum
414 2267 518 2306 erat,
556 2273 786 2309 consequens
820 2264 913 2307 fuit,
959 2268 1002 2298 ut
1035 2263 1180 2298 emittat
1209 2265 1461 2308 scriberetur,
1502 2268 1614 2302 metri

194 2309 423 2343 restituendi
448 2309 586 2354 gratia.
638 2308 767 2343 Gratis
789 2309 887 2355 apud
914 2308 1086 2344 comicos
1110 2320 1291 2353 nusquam
1315 2310 1438 2345 locum
1461 2310 1616 2355 habere,

194 2353 270 2388 sed.
285 2362 435 2399 semper
453 2353 615 2398 gratiis,
647 2354 770 2389 tribus
793 2354 975 2400 syllabis,
1006 2359 1046 2389 et
1076 2354 1112 2388 le
1141 2355 1277 2388 endum
1303 2360 1343 2389 et
1371 2357 1632 2392 scribendum‘

193 2408 296 2440 esse,
320 2400 515 2434 contendit
538 2398 732 2434 Bentleius
756 2400 804 2434 ad
824 2401 978 2434 Terent.
994 2399 1112 2444 Adelp
1142 2424 1149 2433 .
1169 2400 1234 2440 lV,
1261 2401 1292 2442 l,
1317 2401 1373 2435 26.
1399 2412 1496 2446 quae
1514 2405 1613 2438 ratio

195 2443 242 2477 ab
267 2443 339 2479 hoc
362 2448 494 2480 nostro
520 2444 604 2480 loco
629 2444 888 2479 confirmatur.
936 2445 977 2478 ln
1000 2445 1146 2479 verbis:
1166 2444 1316 2498 faciam
1343 2451 1387 2480 ut
1399 2447 1529 2494 faciat
1545 2449 1614 2495 fa-

193 2487 304 2524 citius
332 2493 542 2539 παρηγμένον
573 2494 651 2532 est,
692 2490 827 2525 Plauto
861 2491 1025 2524 maxime
1057 2490 1256 2525 familiare.
1312 2491 1437 2526 Semel
1467 2497 1613 2528 tantum

193 2535 413 2579 monemus,
437 2535 579 2570 nullum
607 2534 720 2569 facile
745 2545 827 2570 esse
851 2533 1058 2570 artificium
1083 2535 1291 2577 sermonis,
1323 2546 1397 2580 quo
1427 2548 1500 2571 non
1524 2549 1614 2573 usus

193 2578 246 2613 sit
277 2574 434 2615 Plautus
468 2581 516 2615 ad
552 2580 757 2615 ornandam
791 2581 1000 2620 orationem
1031 2591 1137 2614 suam
1174 2581 1378 2624 comicum,
1412 2582 1451 2616 in
1475 2584 1612 2626 quibus

192 2626 433 2671 παρονομασία(
453 2629 493 2660 et
514 2628 741 2673 παρηγμένον,
776 2636 872 2671 quae
905 2635 930 2660 a
960 2624 1177 2660 rhetoribus
1210 2625 1406 2668 dicuntur,
1440 2626 1611 2672 frequen-

193 2669 342 2704 tissima
375 2674 473 2705 sunt.
540 2672 717 2705 Ceterum
750 2672 894 2706 tirones
926 2671 972 2706 de
1031 2671 1272 2705 aronomasia
1311 2676 1351 2705 et
1384 2682 1610 2718 paregmeno

174 2714 332 2749 ’adeant
356 2715 443 2750 Iulii
466 2715 657 2751 Rufiniani
690 2716 860 2751 libellum
894 2716 942 2750 de
972 2726 1013 2750 sc
1041 2716 1175 2750 ematis
1202 2716 1333 2751 lexeos
1364 2727 1396 2751 c.
1426 2719 1467 2752 13
1492 2723 1530 2751 ct
1560 2721 1609 2753 Μ.

190 2758 298 2794 Adde
322 2760 628 2797 dissertationem
657 2759 696 2796 N
703 2761 855 2797 ael-ii.-
892 2761 934 2796 de
965 2761 1234 2797 alliun-atione
1265 2762 1438 2797 untionis
1467 2762 1609 2805 Latini,

191 2805 372 2841 insertam
398 2806 531 2853 Museo
556 2805 734 2843 Rhenano
756 2806 832 2851 111,
857 2807 897 2851 8,
920 2817 1006 2854 pag.
1024 2807 1092 2843 324
1106 2816 1211 2852 seqq.
1268 2807 1401 2843 Denuo
1425 2818 1537 2853 saepe
1563 2818 1610 2842 ex
