1742 3152
220 244 278 287 4⁶
662 278 668 310 :
732 242 1104 289 esmivoavu

221 357 309 399 Sed·
331 356 400 399 ille
428 361 488 397 est
516 354 717 407 miserior,
747 356 814 411 qui
842 362 883 398 et
909 369 1031 409 aegro
1060 355 1237 410 quaerit,
1280 365 1318 399 et
1345 358 1443 401 nihil
1472 360 1643 411 inveni23

220 413 301 455 ‘ille
330 412 574 454 miserrimus
604 414 686 464 ost,
715 413 805 466 qni,-
835 427 950 467 quom
980 426 1070 454 esse
1101 412 1228 465 eupit,
1258 413 1298 454 id
1327 419 1430 468 quod
1458 419 1537 458 edit
1565 420 1643 458 non

1055 469 1188 510 habet.
1273 481 1277 487 ·

221 524 343 577 Nam,
372 523 527 573 hercle,
558 536 634 577 ego
656 522 755 564 ‘huie
785 524 884 575 diei,
913 524 950 566 si
969 524 1108 576 liceat,
1139 524 1275 565 oculos
1295 526 1475 568 effodiam
1501 528 1642 580 libens,

167 581 193 620 5
222 581 290 623 'lta
319 576 561 631 malignitate
590 581 767 622 oneravit
795 582 930 622 omnes
959 581 1144 622 mortales
1172 580 1281 621 mihi.

220 638 359 690 Neque
389 635 704 688 ieiuniosiorem,
739 639 813 680 nee
843 637 972 690 magis
1002 638 1176 678 ell'eru‘im
1206 637 1310 678 fame

220 694 331 745 Vidi,
362 702 434 733 nec
464 695 552 746 quoi
584 693 712 735 minus
741 696 946 747 procedat,
985 694 1169 748 quicquid
1198 694 1335 735 facere
1363 695 1576 749 occeperit.

217 745 288 790 'lta
317 756 454 790 venter
482 751 692 806 gutturque
722 751 893 791 resident
922 751 1115 791 esni-iales
1145 750 1281 791 serias.

219 802 343 846 'ilicet
370 805 607 859 parasiticae
635 806 708 846 arti
740 807 949 847 maxima·
979 807 1021 847 in
1051 804 1192 847 malam
1221 807 1401 848 crucem!

139 858 194 900 lo
221 860 290 903 'lta
318 862 500 903 iuventus
529 862 606 903 iiim
638 863 825 904 ridiculos
853 864 989 917 inopes
1019 866 1069 904 ab
1098 877 1142 904 se
1171 866 1374 915 segregat.

220 918 327 960 Nihil
357 926 557 959 morantur
586 919 661 959 iiim
692 920 873 960 Laconas
903 920 1164 961 imi‘subselli
1193 921 1323 972 viros,

219 975 511 1028 Ptaigipatidas,
542 976 684 1029 quihus
713 984 806 1017 sunt
833 979 954 1018 verba
983 977 1067 1017 sine
1099 990 1203 1030 penu
1222 984 1269 1018 vet
1299 974 1479 1029 pecunia.

219 1032 302 1073 Eos
333 1032 556 1086 requirunt,
587 1032 673 1086 qni,
706 1034 871 1074 libenter
899 1048 1012 1088 quom
1044 1034 1215 1086 ederint,
1250 1032 1412 1073 reddant
1441 1029 1558 1070 domi.

221 1130 420 1176 opinatur,
447 1139 594 1164 omnem
618 1130 879 1165 invitationem
901 1131 1206 1166 detrectaverant
1223 1134 1261 1164 et
1279 1141 1325 1164 ne
1345 1129 1540 1164 verbulum
1551 1128 1642 1177 *qui-

221 1176 307 1215 dem
341 1176 388 1210 de
407 1186 539 1211 *coena
572 1175 619 1210 ad
653 1187 694 1210 se
725 1176 906 1212 fecerant.
955 1178 1038 1218 Qua
1072 1187 1112 1211 re
1145 1177 1192 1210 ad
1226 1176 1529 1220 desperationem
1559 1173 1640 1206 fere

174 1222 178 1227 “
227 1221 406 1262 adactus,
432 1231 543 1256 unam
567 1221 728 1266 denique
751 1222 824 1256 sibi
849 1232 1047 1266 superesse
1071 1229 1174 1266 spem
1202 1222 1433 1255 coenaticam
1460 1219 1531 1260 ait;
1559 1229 1640 1251 enni

220 1277 262 1300 se
290 1271 532 1311 experturum
560 1271 598 1300 et
622 1271 826 1311 propterea
848 1267 885 1300 in
911 1273 1061 1311 portum
1097 1267 1299 1300 abiturum.
1348 1267 1453 1306 Quae
1477 1265 1508 1297 si
1535 1262 1641 1296 fefel-

221 1311 349 1353 lisset,
375 1316 453 1345 tum
481 1312 630 1345 demum
652 1312 700 1346 ad
721 1313 905 1357 Hegionis
923 1321 1077 1346 coenam
1098 1322 1271 1355 asperam
1291 1312 1513 1345 rediturum.
1550 1309 1642 1343 Edit

220 1357 481 1391 coniunctivus
505 1358 682 1401 antiquus
705 1367 774 1402 pro
800 1358 895 1391 edat.
945 1356 1000 1391 Cf.
1027 1358 1130 1391 Trin.
1151 1358 1183 1398 Ι,
1209 1359 1249 1398 2,
1272 1358 1329 1391 65.
1355 1361 1394 1390 et
1413 1364 1508 1399 quae
1526 1364 1641 1398 supra

224 1402 389 1436 diximus
415 1402 463 1435 ad
488 1402 687 1446 Captivd,
713 1404 753 1446 2,
777 1403 835 1437 46.
883 1402 925 1435 ln
948 1413 1010 1436 vv,
1034 1403 1075 1436 id
1097 1402 1197 1446 quod
1219 1402 1294 1436 edit
1316 1402 1446 1436 addidi
1470 1400 1510 1433 id
1528 1399 1641 1433 metri

221 1456 355 1490 causa;
379 1446 494 1492 vulgo
518 1448 626 1481 abest
657 1447 708 1481 id.
763 1447 876 1483 Diem
907 1447 1005 1482 hune
1038 1452 1259 1482 exsecratur
1290 1447 1505 1486 Parasitus,
1539 1444 1640 1497 quod

225 1491 414 1526 infaustus
438 1493 515 1525 sihi
539 1502 687 1527 omnem
712 1493 895 1527 coenandi
922 1493 1026 1527 laute
1049 1503 1154 1538 spem
1176 1492 1391 1527 abstulerit.
1441 1490 1553 1524 Ocni·
1572 1490 1640 1523 tri-

219 1533 392 1571 buuntur
422 1538 516 1579 diei,
550 1538 639 1581 quia
669 1538 780 1583 lucet.
828 1539 891 1573 Sic
925 1541 1092 1587 βλέφαρον
1122 1537 1246 1584 ἁμέρας
1279 1538 1379 1582 apud
1414 1534 1638 1579 Sophoclem

219 1583 344 1627 Antig.
373 1584 449 1617 104.
501 1581 745 1627 Malignitate
768 1583 961 1624 ouer-avim
984 1584 1010 1616 i.
1030 1593 1062 1617 e.
1087 1583 1278 1627 impleuit,
1302 1582 1487 1626 nialignos
1509 1586 1547 1614 et
1564 1580 1638 1612 illi·

218 1627 370 1662 berales
393 1628 432 1661 in
456 1637 517 1662 me
539 1628 718 1662 reddidit.
767 1629 829 1663 Sic
854 1631 1007 1663 onera're
1029 1627 1295 1672 voluptatibus,
1320 1637 1475 1661 onerare
1492 1625 1639 1660 laetitia

222 1673 391 1708 comicae
415 1671 569 1717 phrases
594 1679 633 1706 et
657 1673 866 1708 Plautinae.
918 1674 1029 1707 Fame
1053 1672 1226 1718 effertum
1250 1673 1349 1707 diem
1372 1673 1489 1713 dicit,
1523 1681 1636 1714 quum

217 1718 374 1763 proprie
399 1718 445 1752 de
469 1728 510 1752 se
536 1717 607 1752 hoc
631 1718 831 1753 dicendum
850 1724 973 1762 esset,
990 1719 1099 1766 fame
1116 1719 1234 1753 veluti
1256 1718 1462 1752 distentum.
1496 1715 1639 1761 Effer&

160 1761 163 1767 '
214 1769 344 1798 autem
403 1774 490 1797 uum
524 1764 680 1809 proprie
712 1764 891 1799 dicuntur
921 1763 1091 1800 homines
1123 1764 1220 1798 bene
1253 1764 1417 1809 saginati
1454 1766 1493 1795 et
1516 1762 1636 1795 multo

213 1808 301 1843 eibo
334 1818 376 1842 re
395 1809 491 1850 erti‚
526 1809 686 1843 ridicule
718 1809 950 1851 contrarium
983 1819 1125 1855 ponens
1160 1810 1285 1844 iocum
1321 1808 1522 1853 quaesivit.
1578 1807 1635 1841 De

216 1853 318 1888 fame
343 1853 454 1896 dicit,
489 1854 589 1898 quod
615 1854 662 1887 de
686 1853 902 1900 largissimo
925 1851 1012 1890 cibo
1038 1854 1252 1889 dicendum.
1307 1855 1489 1888 Ceterum
1517 1852 1635 1898 ecfer-

220 1904 296 1937 tum
321 1903 379 1932 est
403 1899 440 1932 in
466 1899 510 1933 V.
537 1900 575 1933 C.
600 1899 703 1933 Cam.

309 1944 352 1979 V.
376 1946 410 1978 7.
458 1943 705 1978 Scribendum
729 1948 819 1979 erat>
839 1943 906 1979 cm·
926 1943 1046 1979 minua
1070 1944 1270 1989 procedat,
1293 1944 1375 1977 sive
1398 1943 1489 1987 quoi
1510 1953 1556 1976 m.
1576 1953 1636 1987 pr.

213 1988 310 2024 Nam
335 1989 383 2023 ad
409 1988 508 2023 diem
537 1990 663 2024 omnia
690 1990 906 2030 transtulit,
933 2000 1029 2034 quae
1051 1990 1097 2024 de
1117 1994 1238 2023 semet
1257 1990 1342 2034 ipso
1364 1989 1466 2023 dicit.
1506 1989 1637 2032 Sciop-

213 2034 300 2080 pius
323 2039 503 2078 suspectt.
529 2034 633 2069 lectt.
660 2035 714 2076 V,
747 2037 800 2069 11.
827 2034 997 2070 defendit
1022 2035 1090 2080 qui
1113 2045 1180 2079 pro
1207 2045 1279 2079 quo
1311 2033 1392 2068 scil.
1418 2034 1487 2067 die.
1545 2033 1635 2067 Ven-

214 2085 273 2114 ter
294 2097 340 2105 —-
355 2078 493 2127 ferias.
541 2080 721 2114 Residere
753 2085 812 2115 est
844 2081 1052 2125 quiescere.
1111 2080 1242 2125 Igitur
1272 2085 1399 2114 venter
1426 2084 1636 2124 gutturque

213 2124 377 2159 resident
390 2124 541 2178 serias,
573 2124 715 2159 dictum
739 2126 795 2159 uti
821 2131 944 2169 agunt
956 2125 1095 2174 ferias.
1141 2125 1335 2159 Emrn'ales
1357 2129 1483 2158 autem
1508 2125 1635 2159 dicun-

214 2175 301 2212 tur,
336 2180 425 2214 quia
459 2171 656 2204 esuritioni
688 2171 797 2214 quasi
827 2171 976 2205 dicatae
1008 2174 1107 2204 sunt.
1157 2169 1270 2205 Ilicet
1291 2170 1420 2203 nativa
1443 2169 1634 2214 signitica-

214 2215 320 2249 tioue
352 2222 422 2259 pro
455 2213 511 2248 ἐπ’
543 2214 660 2256 ἤρου
692 2215 844 2249 dativus
879 2215 978 2249 enim
1012 2215 1151 2259 pendet
1181 2226 1204 2248 a
1235 2215 1353 2248 verbo
1387 2214 1487 2248 licet.
1536 2215 1631 2248 Vide

215 2268 314 2313 quae
343 2267 460 2304 supra
491 2261 704 2294 monuimus
736 2260 783 2294 de
814 2259 884 2294 hac
907 2260 1095 2305 particula
1124 2260 1171 2293 ad
1198 2259 1235 2301 Ι,
1263 2261 1301 2300 l,
1326 2260 1383 2292 22.
1442 2259 1634 2293 Ridiculus

214 2314 340 2350 snopes
363 2314 447 2338 eum
474 2305 564 2339 lano
589 2304 793 2340 Guilielmo
825 2305 959 2350 scripsi
994 2315 1062 2349 pro
1094 2305 1250 2350 vulgato
1283 2304 1461 2339 ridiculos
1492 2305 1634 2349 inopen·

217 2360 309 2395 que,
344 2350 445 2396 quod
478 2349 516 2383 in
551 2355 713 2385 metrum
746 2355 889 2395 peccat.
936 2350 1102 2385 Ridiculi
1134 2355 1221 2384 sunt
1249 2359 1424 2392 scurrae,
1458 2352 1631 2394 parasiti,

215 2395 395 2440 qui-dum
420 2395 598 2430 ridendos
621 2405 662 2429 se
688 2396 890 2441 praebent,
915 2396 1033 2430 vitam
1058 2395 1224 2430 tolerare
1248 2395 1413 2429 student.
1462 2396 1515 2428 Hi
1537 2397 1632 2430 satis

214 2445 304 2485 apte
328 2439 505 2475 dicuntur
528 2442 681 2485 inopes,
713 2451 818 2476 arme
843 2440 1062 2476 Schlucker.
1120 2441 1291 2475 Lacones
1322 2446 1507 2474 vocantur
1528 2441 1634 2475 iocu-

214 2485 351 2520 lariter
374 2487 550 2530 parasiti,
586 2487 674 2530 quia
699 2486 1021 2522 Lacedaemonios
1054 2497 1192 2530 pueros
1223 2487 1423 2530 quotannis
1455 2486 1631 2519 solemni·

214 2536 276 2565 ter
299 2531 492 2565 verberari
517 2531 652 2565 solitos
677 2531 888 2576 perhibent.
935 2531 992 2566 cf.
1013 2532 1088 2566 Cic.
1108 2531 1260 2566 'l'uscuL
1282 2531 1332 2573 V,
1357 2533 1413 2564 2⁶1.
1451 2532 1630 2575 Apposite

215 2577 330 2610 etiam
354 2576 525 2611 Petronii
550 2576 674 2611 locum
698 2577 879 2619 afferunt,
904 2577 982 2613 Sat.
1007 2588 1039 2611 c.
1061 2577 1138 2611 105.
1186 2576 1270 2620 Ego
1295 2575 1441 2620 quidem
1461 2582 1533 2610 eres
1547 2578 1631 2621 pla·

208 2631 284 2666 -gm
310 2621 499 2667 Spartana
524 2621 717 2657 nobilitate
741 2622 907 2657 cont-oxi.
954 2622 1071 2656 iidem
1103 2621 1341 2666 appellantur
1376 2621 1442 2654 imi
1469 2621 1634 2656 subsellii

214 2667 310 2708 viri,
345 2666 579 2701 inhonestam
599 2667 733 2701 sedem
765 2668 866 2702 inter
890 2677 1044 2702 coenam
1079 2672 1329 2711 occupantes,
1364 2667 1439 2700 imo
1465 2667 1548 2701 loco
1574 2678 1631 2701 se·

217 2712 358 2745 dentes.
417 2712 471 2746 cf.
498 2712 614 2748 stit-h.
635 2713 706 2755 ΙΙΙ,
732 2715 772 2755 2,
796 2714 852 2747 33.
904 2713 983 2747 Sci·
1007 2719 1047 2747 tn
1072 2723 1126 2746 me
1149 2723 1221 2746 esee
1245 2712 1312 2745 imi
1332 2712 1484 2747 monella·
1500 2713 1630 2746 virum.

214 2757 351 2790 Horat.
372 2758 547 2802 Epiust,
579 2760 637 2801 18,
665 2761 719 2792 ΙΙ.
769 2757 843 2792 Iuni
874 2758 1015 2792 derisor
1047 2757 1146 2793 lecti.
1206 2757 1471 2802 mag-‘putidae
1504 2759 1629 2792 iocose

207 2800 346 2836 ⁴fictum
366 2803 612 2846 vocabulum,
638 2805 701 2849 qui
720 2803 850 2850 plagas
868 2805 1077 2848 patiuntur,
1096 2807 1214 2837 notat.
1264 2804 1441 2837 Eiusdem
1465 2803 1633 2847 κόμματος

214 2851 273 2882 ost
295 2847 569 2893 oculicrepidae
593 2853 632 2884 et
655 2849 953 2896 σπανίου-φῶσι,
986 2849 1091 2883 Trin.
1111 2849 1182 2892 lv,
1206 2849 1247 2892 3,
1275 2850 1328 2893 14,
1378 2848 1517 2890 Quibus
1546 2853 1633 2882 ειυιι
