1742 3152
226 227 256 268 s
716 286 719 289 ἡ
790 225 1091 271 mosoma.

228 339 274 382 Si
303 340 419 394 quem
448 338 622 394 reperire
651 340 806 392 posset,
835 341 904 395 qni
933 344 1054 382 mutet
1081 353 1196 381 sunm

229 397 357 449 [llliun
388 396 606 450 captivum3
633 396 738 437 bunc
765 399 879 437 sinum
910 411 1000 438 esse
1028 396 1176 447 nescit,
1207 396 1275 451 qui
1302 397 1404 439 domi
1435 403 1523 452 est.]

146 449 204 491 30
230 453 281 494 Et
309 453 491 507 quoniam
520 451 605 493 beri
635 451 871 504 insinuavit,
901 455 950 494 de
978 454 1130 494 summo
1158 453 1245 493 loco

146 727 202 770 35

144 1017 202 1061 40

230 511 468 563 Summoque
496 521 643 561 genere
673 509 827 562 captum
858 522 948 550 esse
977 509 1146 563 equitem
1171 508 1340 563 'Alinm3

229 566 338 607 Nihil
367 565 491 619 pretio
520 565 666 619 parsit,
695 565 780 606 silio
810 568 899 606 dnm
932 565 1134 620 pain-teret:
1171 579 1174 582 ’

230 621 505 664 Reconciliare
534 629 576 662 ut
603 620 764 663 facilius
792 625 927 676 posset
954 624 1131 673 domum,

231 679 336 720 Emit
364 679 485 719 hosce
514 678 562 718 de
591 680 739 732 praeda
766 678 904 720 ambos
936 679 985 720 de
1015 676 1319 730 Quaestor-ibus.

287 734 410 776 Hisce
437 735 567 775 uatem
595 734 699 776 inter
726 748 816 777 sese
844 736 949 776 hunc
978 734 1250 790 confinxerunt
1277 734 1430 787 dolum,

231 791 320 842 Quo
350 791 465 845 pzicto
493 791 586 832 hinc
613 805 752 833 servus
781 792 895 833 stium
924 792 1062 833 berum
1091 790 1241 832 amittat
1269 793 1438 833 donum.

230 847 367 902 ltaque
396 848 499 888 inter
526 860 571 888 se
601 850 835 890 commutant
863 855 1010 890 vestem
1039 861 1088 889 ac
1116 847 1297 901 admina3

228 904 315 945 lllic
344 910 507 946 vocatur
533 904 795 957 Philocrates,
823 905 891 947 hic
919 902 1155 959 Ty'ndarus3

228 960 359 1002 Huius
386 960 492 1013 illic,
521 960 587 1002 hic
614 961 723 1003 illius
751 961 868 1003 hodio
896 962 973 1003 sert
1000 961 1228 1013 imaginem.

229 1017 280 1059 Et
308 1017 374 1058 hic
401 1017 517 1059 hodie
547 1017 731 1072 expediet
758 1019 859 1059 hainc
888 1020 1000 1059 docte
1028 1017 1250 1069 fallaciam,

229 1074 281 1115 Et
307 1074 422 1116 sinum
450 1075 588 1133 herpm
617 1074 736 1116 faciet
762 1074 955 1116 libertatis
984 1075 1223 1128 compotem,

228 1130 457 1186 Eodemque
485 1140 600 1186 pacto
627 1131 786 1173 fratrem
816 1132 989 1174 servabit
1015 1145 1154 1184 suum,

231 1252 300 1299 qm·
324 1252 423 1288 domi
444 1258 516 1298 est,
544 1254 608 1300 qui
633 1254 819 1290 orationis
843 1258 1014 1289 tenorem
1034 1254 1252 1299 importune
1270 1248 1414 1291 turbat,
1439 1248 1502 1295 qui
1523 1260 1652 1286 narra·

231 1299 330 1334 tioni
354 1303 542 1346 repugnat
565 1305 604 1334 et
627 1310 716 1335 mox
742 1300 900 1335 dicenda
923 1299 1088 1334 absurde
1113 1300 1294 1342 occupat,
1318 1295 1537 1348 spui-iussit
1553 1297 1649 1330 iudi-

230 1344 384 1379 candus.
432 1345 555 1391 lgitur
578 1346 684 1380 uncis
708 1355 792 1380 eum
818 1345 966 1379 inclusi.
1014 1345 1059 1380 V.
1085 1345 1124 1378 C.
1150 1343 1253 1377 Cam.
1277 1341 1363 1375 inde
1386 1341 1550 1383 audivit,
1582 1341 1650 1376 sed

231 1389 308 1423 iam
333 1389 476 1424 Parcus
501 1400 632 1424 verum
657 1390 851 1431 restituit,
887 1389 1042 1423 iubente
1072 1389 1175 1422 idem
1209 1385 1399 1432 (a'rulielm.v
1417 1387 1589 1428 Quaestt.
1612 1387 1651 1421 in

230 1435 284 1468 Ca
312 1435 379 1468 tiv.
398 1435 434 1476 1,
461 1445 497 1480 p.
515 1436 573 1469 ¹11.
620 1435 759 1470 Forma
776 1434 870 1470 haec
886 1434 1084 1470 indaudire
1101 1433 1279 1478 frequens
1297 1431 1396 1477 apud
1408 1431 1532 1466 Plaut.
1547 1431 1652 1467 velut

229 1481 285 1515 Au
304 1504 313 1512 .
332 1479 387 1522 ΙΙ,
411 1481 452 1521 2,
475 1481 532 1516 88.
577 1480 746 1516 Mostell.
764 1481 832 1523 111,
859 1482 892 1523 l,
917 1482 971 1515 11.
1019 1479 1172 1521 Mi1.11‚
1197 1479 1238 1520 2,
1262 1477 1319 1511 56.
1343 1477 1436 1511 ibid.
1456 1477 1509 1520 u,
1533 1478 1568 1520 5,
1593 1478 1652 1513 32.

161 1553 163 1555 »
230 1523 349 1561 Stich.
369 1525 407 1567 1,
432 1526 453 1558 2
463 1548 475 1567 ,
500 1525 556 1560 19.
614 1526 789 1560 Ceterum
821 1526 860 1560 in
894 1525 1044 1559 verbis:
1080 1523 1239 1568 equitem
1270 1521 1395 1556 Alius·
1434 1521 1559 1556 hiatus
1592 1526 1652 1557 est

230 1569 439 1615 legitimus.
477 1571 676 1612 Quomodo
694 1581 785 1606 vero
800 1569 961 1606 Bothius
979 1569 1079 1615 quod
1099 1568 1243 1613 recepit
1261 1567 1420 1612 equitem
1439 1572 1477 1601 et
1492 1569 1652 1602 alterum

231 1614 448 1660 intelligat,
482 1615 655 1660 equidem
681 1627 755 1650 non
779 1625 973 1660 assequor.
1020 1613 1124 1649 Filio
1149 1614 1234 1648 dum
1252 1617 1438 1658 parceret.
1485 1612 1652 1649 Parono·

232 1661 377 1695 masiae
403 1670 536 1695 caussa
559 1660 615 1695 ita
639 1661 759 1704 dixit,
791 1670 861 1707 pro
877 1660 1010 1708 filium
1035 1661 1119 1694 dum
1150 1664 1324 1694 servaret.
1373 1656 1499 1693 Verba
1525 1669 1651 1694 recon-

231 1704 367 1740 ciliare
390 1724 431 1731 —
466 1706 609 1740 domum
641 1708 815 1752 sequenti
845 1706 974 1740 versui
1007 1704 1268 1751 coniungenda
1301 1707 1410 1743 sunt,
1445 1713 1562 1747 quare
1596 1705 1652 1740 ita

231 1750 403 1786 distinxi.
432 1749 651 1793 Quaestor-es
663 1752 800 1787 urbani
813 1752 1003 1786 aerarium
1021 1751 1204 1785 curabant
1221 1754 1260 1783 et
1275 1749 1471 1783 manubias
1485 1748 1649 1784 hostium

233 1796 472 1842 praedasque
496 1797 719 1832 vendebant.
766 1798 896 1833 Mores
921 1801 961 1831 et
992 1796 1171 1830 instituta
1193 1795 1447 1830 Romanorum
1470 1794 1510 1828 in
1535 1794 1651 1831 Grae·

231 1841 328 1876 eiam
353 1840 554 1884 transfert,
579 1847 622 1878 ut
644 1851 779 1887 saepe,
804 1841 974 1877 Plautus.

260 1917 273 1925 .
325 1886 370 1922 V.
388 1887 445 1921 35.
471 1886 685 1922 lili-autem
711 1887 786 1922 duo
811 1887 973 1932 captivi,
999 1896 1093 1931 quos
1120 1895 1205 1921 cum
1224 1885 1391 1920 maxime
1410 1889 1556 1919 emerat
1572 1885 1650 1920 He-

229 1931 315 1978 gio,
346 1928 441 1966 hanc
474 1934 739 1978 excogitarant
770 1932 984 1974 fallaciam,
1014 1931 1178 1966 fortasse
1211 1931 1287 1965 iam
1319 1940 1366 1965 ex
1391 1940 1437 1964 eo
1463 1935 1650 1975 tempore,

230 1988 307 2022 quo
332 1977 434 2021 capti
458 1982 567 2020 sunt,
603 1982 646 2012 ut
668 1977 768 2012 alter
791 1977 950 2012 alterius
980 1975 1103 2010 ferret
1134 1986 1270 2011 nomen
1296 1986 1342 2010 ac
1365 1979 1510 2010 vestem
1535 1980 1650 2020 atque

228 2023 442 2057 ita-servus
466 2020 571 2065 heri,
604 2021 718 2057 herus
740 2023 842 2057 servi
875 2026 1003 2068 partes
1035 2025 1189 2066 ageret,
1223 2031 1268 2055 eo
1302 2020 1458 2067 quidem·
1487 2021 1648 2056 consilio

231 2072 276 2102 ut
299 2065 437 2110 herus,
462 2068 495 2101 si
520 2067 606 2102 fieri
630 2071 780 2113 posset,
804 2068 910 2112 prius
934 2077 982 2101 ex
1007 2067 1231 2111 captivitate
1250 2066 1490 2100 liberaretur.
1538 2065 1650 2101 Hisce

228 2112 294 2148 Sic
317 2113 362 2148 V.
387 2113 426 2146 C.
453 2113 555 2147 Cam.
581 2123 603 2147 a
627 2113 750 2158 prima
772 2123 905 2154 manu,
937 2112 1093 2146 inducta
1115 2115 1250 2156 postea
1274 2111 1406 2144 littera
1433 2122 1461 2145 ε.
1508 2111 1650 2146 Simili-

229 2162 293 2192 ter
317 2156 430 2191 Hisce
455 2157 491 2190 le
521 2158 597 2191 itur
617 2158 655 2191 in
680 2162 844 2201 utroque
877 2157 967 2191 Cod·
1003 2156 1097 2190 Pali.
1126 2156 1239 2190 Milit.
1260 2156 1316 2197 ll,
1341 2156 1384 2197 6,
1408 2156 1442 2189 6.
1491 2156 1550 2190 De
1577 2167 1652 2201 qua

228 2201 355 2237 forma
379 2200 426 2236 cf.
451 2202 502 2237 Pr
519 2202 633 2236 scian.
652 2202 747 2244 ΧΠ,
770 2203 804 2236 5.
860 2201 966 2237 Adde
989 2200 1148 2236 Avellin.
1181 2200 1229 2235 ad
1262 2199 1298 2233 h.
1318 2199 1362 2242 1.,
1401 2200 1464 2245 qui
1490 2201 1648 2235 eandem

228 2246 392 2282 formam
416 2256 497 2281 esse
523 2247 831 2292 inscriptionibus
862 2246 1023 2280 vetustis
1057 2245 1193 2286 affert,
1224 2245 1290 2279 ubi
1322 2245 1419 2279 adeo
1447 2244 1651 2281 HEISCE

232 2290 571 2336 MAGlsTRffls
602 2302 671 2337 pro
711 2291 793 2326 Iu'ce
830 2290 1014 2336 magistri.
1077 2290 1213 2325 Paullo
1256 2290 1415 2324 calidius
1453 2291 1648 2327 Gramma·

229 2336 393 2372 ticorum
426 2342 679 2371 commentum
713 2338 936 2382 pronunciat
971 2335 1066 2370 illud
1098 2335 1194 2370 hisce
1224 2337 1495 2370 nominativum
1532 2338 1647 2371 Bent-

227 2382 329 2418 leius
353 2382 401 2418 ad
426 2383 580 2417 Terent.
606 2383 701 2416 Eun.
721 2382 775 2423 ΙΙ,
801 2384 842 2423 2,
865 2383 921 2417 38.
974 2382 1088 2415 Suum
1111 2381 1239 2416 herum
1263 2381 1302 2415 C.
1326 2381 1372 2416 V.
1397 2382 1498 2416 Cam.
1546 2382 1649 2417 Male

228 2426 394 2463 Bothius
417 2428 570 2473 scripsit
592 2438 734 2462 servum
758 2427 885 2461 Iterum
912 2430 1131 2472 corruptam
1157 2427 1390 2472 quorundam
1412 2427 1531 2462 codd.
1555 2428 1648 2462 scri-

259 2476 382 2509 turam
406 2479 569 2508 secutus.
616 2473 792 2515 Aruinae,
825 2477 867 2507 ut
890 2482 1006 2516 supra
1028 2472 1241 2506 monuimus
1267 2482 1335 2516 pro
1361 2482 1384 2506 a
1408 2483 1445 2506 se
1473 2472 1647 2507 dimittat.

277 2517 360 2554 uim
381 2517 478 2555 illic.
526 2518 585 2553 lta
606 2527 783 2552 numeros
807 2517 1093 2559 constituimus,
1128 2527 1200 2551 non
1226 2516 1372 2562 ignari,
1407 2518 1647 2552 duriusculos

233 2574 329 2598 esse.
376 2563 529 2601 Interim
555 2567 681 2598 tamen
704 2563 1008 2607 monosyllabum
1042 2560 1152 2596 lan-’m
1184 2560 1277 2595 ferri
1310 2567 1435 2606 potest
1469 2565 1583 2597 etiam
1609 2564 1647 2597 in

232 2609 301 2645 tali
328 2607 439 2651 loom*
467 2613 507 2644 et
530 2609 652 2654 prima
675 2609 713 2643 in
737 2607 820 2643 illic
843 2607 924 2642 fere
957 2616 1107 2652 semper
1129 2607 1255 2640 brevis
1281 2611 1349 2640 est.
1407 2608 1453 2643 V.
1478 2609 1518 2642 c.
1544 2609 1646 2643 cani.

203 2657 207 2660 “
231 2659 364 2689 tuetur
387 2654 588 2690 lectionem
613 2653 673 2688 hic
698 2653 829 2695 iuius,-
859 2652 925 2688 sed
961 2652 1033 2686 Gu.
1062 2652 1219 2686 membr.
1253 2651 1407 2686 exhibet
1435 2652 1496 2687 hie
1524 2653 1646 2696 laniem,

232 2710 330 2745 quae
355 2699 547 2734 lenissima
573 2703 631 2734 est
653 2699 880 2752 emendatio.
927 2697 1074 2739 θοι-τες
1096 2701 1223 2751 astute
1247 2696 1419 2732 dolosum
1445 2698 1539 2733 illud
1561 2710 1646 2733 con-

229 2744 359 2780 silium
384 2745 570 2790 perficiet.
617 2743 807 2791 Expectare
831 2743 929 2779 enim
954 2746 1014 2777 est
1036 2742 1307 2789 impedimenta
1329 2753 1541 2797 removere3
1564 2749 1644 2798 tum

226 2791 415 2882 ξξὲῖιέιηίἧι
441 2789 648 2881 {efflet-egee
693 2789 818 2828 Simili
853 2786 1077 2835 metaphora
1110 2787 1239 2825 dicunt
1274 2788 1396 2833 dolon,
1438 2791 1645 2833 consul-nm,
