1742 3152
221 231 280 276 74
761 205 1108 271 cmvonvn

222 345 368 392 Eorum
397 343 433 386 si
462 342 720 398 quoii'isqnam
749 342 918 385 scrofam
948 342 988 382 in
1017 340 1176 395 piiblico
1205 345 1472 396 conspexero,

137 398 196 445 80
221 399 299 444 'Ex
328 401 428 456 ipsis
457 400 622 440 dominis
653 398 750 439 meis
778 399 926 452 pugnis
957 398 1177 438 exculcabo
1205 398 1393 442 fiii-sures.

221 458 307 501 He.
337 458 533 499 Baisilicas
563 456 776 497 edictiones
807 455 921 509 iitqne
950 455 1183 508 imperiosas
1212 456 1342 496 babet.

220 517 341 558 Seiinr
370 517 481 555 homo
512 522 592 564 est,
622 514 741 553 babet
768 513 943 566 profecto
972 511 1012 551 in
1042 514 1177 553 ventre
1206 510 1492 552 confidentiam.

219 570 304 615 Er.
333 572 436 611 Ti'im
468 570 708 624 piscatores,
749 569 815 623 'qni
846 570 1035 622 praebent
1064 567 1207 621 populo
1237 569 1368 621 pisces
1397 570 1584 620 foetidos,

220 629 299 681 Qui
329 628 572 669 advehuntur
600 626 909 680 quadrupedanti
945 625 1135 665 crucianti
1166 624 1362 676 cauterio,

132 680 189 723 3⁵
219 686 395 737 Qndrnm
425 686 520 725 odos
549 683 865 725 subbasilicanos
895 683 1030 722 omnes
1059 680 1185 734 adigit
1212 682 1252 722 in
1280 682 1431 722 foram:

219 743 289 783 Eis
319 755 393 794 ego
422 755 492 782 ora
520 741 738 781 verberabo
766 739 968 793 sirpiculis
997 738 1201 792 piscziriis,

215 795 284 840 'Ut
311 799 461 850 sciant,
492 797 622 838 alieno
649 810 748 838 naso
777 792 892 851 qnam
924 797 1137 836 exhibeant
1166 794 1397 835 molestiam.

215 856 321 897 Tum
353 854 446 896 lanii
477 861 629 906 autem,
659 855 727 908 qui
755 853 989 895 concinnant
1018 852 1154 892 liberis
1184 851 1300 892 orbais
1331 863 1447 900 oves,

218 913 300 965 Qui
328 913 456 953 locant
485 912 707 953 caedundos
737 924 884 964 agnos,
923 912 961 951 ct
989 910 1108 964 dupla
1137 908 1323 961 agniniim
1351 909 1518 957 danunt,

218 1033 303 1059 nem
319 1021 485 1071 fui-suri
508 1032 529 1057 e
553 1020 748 1056 veteribus
773 1020 881 1056 libris
906 1029 989 1055 esse
1013 1020 1081 1055 ait.
1130 1020 1253 1064 Vulgo
1279 1019 1400 1054 enim:
1434 1016 1503 1063 qui
1531 1018 1638 1052 alunt

208 1069 376 1118 furfure
393 1079 484 1103 sues.
532 1067 704 1114 Farsnri
719 1066 927 1102 ablativum
947 1075 1052 1108 esse,
1076 1064 1245 1100 ostendit
1263 1066 1363 1100 idem
1383 1064 1538 1100 Vossius
1561 1063 1584 1097 Ι.
1604 1075 1636 1097 c.

218 1121 262 1151 ut
288 1117 327 1150 in
359 1113 427 1149 illo
462 1113 708 1148 Ciceroniana
745 1112 803 1147 De
834 1111 922 1159 Nat.
954 1111 1144 1152 Deonll,
1168 1113 1227 1145 42.
1258 1109 1566 1156 partimin-etur
1599 1107 1637 1142 ιἰι

217 1172 320 1202 ιιηα,·
344 1160 408 1194 ubi
433 1166 560 1194 tamen
585 1170 681 1192 nunc
706 1158 853 1192 editur:
885 1162 1032 1202 partem
1055 1156 1276 1191 adnn'seetur
1298 1157 1338 1190 in
1362 1166 1485 1190 unam.
1531 1153 1637 1189 Adde

218 1206 438 1244 Schneider.
466 1206 549 1240 bat.
577 1205 743 1238 Granum.
770 1203 956 1237 Formenl.
984 1213 1067 1247 pag.
1089 1204 1166 1235 2:32.

309 1252 355 1287 V.
372 1253 429 1286 31.
462 1249 651 1284 Basilicae
669 1249 887 1290 edictionem
912 1249 1015 1282 iussa
1032 1247 1235 1292 magnifica
1253 1257 1298 1282 ac
1314 1246 1489 1291 superba.
1525 1244 1636 1286 Quic-

217 1297 311 1344 quid
331 1298 430 1331 enim
451 1296 704 1341 splendidum,
724 1293 965 1339 magnificum
987 1298 1026 1326 et
1041 1293 1301 1337 imperiosum,
1317 1294 1487 1335 βασιλικὸν
1501 1289 1638 1324 Graeci

219 1344 420 1384 dixerunt,
445 1353 538 1387 quos
563 1351 676 1383 saepe
702 1341 871 1374 imitatus
897 1344 954 1372 est
980 1338 1147 1372 Plautus.
1202 1338 1264 1372 Sic
1286 1337 1440 1372 basilica
1455 1335 1638 1384 facinora

216 1388 318 1424 infra
342 1388 447 1422 Trin.
467 1387 537 1428 lV,
561 1387 605 1428 3,
630 1388 685 1419 23.
720 1385 892 1419 basilicus
922 1390 1039 1418 status
1070 1383 1206 1418 Pseud.
1227 1383 1259 1426 Ι,
1285 1385 1328 1424 5,
1351 1384 1408 1418 43.
1467 1384 1513 1416 Et
1545 1381 1636 1414 alibi

222 1443 418 1480 persaepe.
469 1432 648 1467 Crucium
672 1431 883 1466 cantherius
906 1431 1056 1464 videtur
1081 1428 1173 1463 mibi
1200 1430 1345 1474 pariter
1368 1440 1412 1463 ac
1439 1427 1637 1469 Lambino,

217 1481 283 1526 qui
310 1480 476 1524 equitem
503 1479 665 1518 cruciat,
700 1477 764 1521 qui
788 1477 922 1511 crebra
953 1476 1234 1509 succussatione
1269 1480 1308 1509 et
1333 1475 1542 1520 agitatione
1567 1474 1635 1506 ini-

217 1526 370 1562 modica
388 1525 528 1559 sessori
545 1522 728 1557 molestus
745 1527 813 1556 est.
866 1520 1137 1555 Subbasilicani
1150 1522 1210 1565 qui
1226 1521 1294 1554 sub
1314 1521 1481 1554 basilicis
1499 1518 1633 1552 crebro

143 1607 151 1613 χ
216 1575 430 1613 versantur,
447 1569 612 1618 ἃγὸραιοι,
633 1568 883 1608 subrostrani,
906 1565 1210 1607 circumforanei,
1231 1565 1356 1613 ἀγορᾶς
1372 1565 1635 1617 “presaga-tq

217 1615 410 1658 homines,
440 1615 506 1660 qui
529 1619 632 1649 totos
658 1614 738 1647 dies
765 1613 935 1657 porticus
960 1617 1159 1646 conterunt
1184 1612 1354 1656 publicas
1378 1611 1505 1654 ibique
1531 1608 1633 1642 inha-

215 1662 350 1697 bitant.
400 1660 600 1696 Nostrates
619 1658 734 1693 simili
755 1658 886 1692 modo:
918 1656 1203 1702 I’flastertreter.
1254 1658 1292 1690 ln
1314 1656 1478 1690 basilicis
1495 1655 1636 1689 iudicia.

218 1708 332 1742 etiam
357 1706 615 1747 habebantur,
643 1705 813 1748 inprimis
838 1703 1142 1743 centanis-imum
1169 1701 1215 1736 cf.
1242 1702 1337 1736 Plin.
1359 1703 1424 1747 Ep.
1445 1701 1491 1742 ll,
1521 1703 1574 1742 14,
1600 1702 1635 1735 8.

216 1753 325 1789 Vnde
349 1752 509 1794 factum,
538 1756 581 1785 ut
603 1759 753 1794 semper
779 1749 923 1794 aliquid
952 1749 1086 1782 audire
1105 1749 1156 1781 ibi
1178 1753 1216 1781 et
1234 1753 1382 1792 tempus
1403 1753 1528 1781 terere
1550 1757 1634 1790 pos-

215 1804 300 1834 cent
332 1797 501 1834 homines
535 1797 662 1830 otiosi.
710 1796 885 1829 Ceterum
920 1793 980 1829 bic
1012 1804 1143 1827 versus
1176 1794 1316 1828 citatur
1346 1804 1368 1827 a
1394 1793 1510 1826 Prisc.
1537 1793 1573 1833 Ι,
1598 1793 1636 1833 7,

216 1849 309 1880 tom.
331 1845 347 1878 l
361 1869 372 1887 ‚
397 1854 482 1889 pag.
496 1843 552 1877 39.
570 1842 632 1886 ubi
653 1841 737 1875 odos
756 1851 823 1884 pro
842 1841 952 1882 odor,
977 1844 1019 1874 ut
1034 1839 1138 1873 arbos
1158 1850 1225 1884 pro
1246 1839 1356 1872 arbor
1373 1839 1514 1872 dixisse
1535 1842 1634 1870 vete-

215 1899 280 1926 res
295 1890 418 1924 docet.
466 1887 572 1933 Apud
591 1887 708 1921 Prisc.
727 1885 852 1930 adegit
870 1887 907 1919 in
925 1890 1020 1929 optt.
1039 1885 1149 1918 codd.
1201 1885 1320 1930 Vulgo
1339 1884 1437 1929 apud
1459 1883 1633 1917 Plautum

217 1935 350 1981 abigit,
370 1935 412 1970 V.
429 1934 468 1968 C.
487 1935 588 1968 Cam.
607 1931 744 1972 abegit.
773 1931 983 1976 Sirpicueae
998 1929 1184 1975 piscariae
1203 1929 1478 1964 Fisclireussen.
1515 1928 1634 1972 Sirpi-

218 1983 305 2017 cula
326 1981 426 2016 enim
446 1980 507 2014 vel
531 1978 752 2024 siv-piculam
775 1977 979 2012 secundum
1005 1976 1211 2011 Varronem
1235 1981 1392 2010 vocatur
1416 1986 1439 2008 a
1460 1974 1634 2018 sirpando

216 2028 244 2063 i.
261 2037 294 2062 e.
318 2026 485 2073 ligando.
534 2026 603 2059 Est
626 2030 752 2058 autem
777 2033 894 2069 genus
919 2022 1075 2056 canistri
1098 2022 1253 2055 viminei
1276 2021 1324 2056 ad
1349 2021 1475 2055 varios
1500 2031 1601 2054 usus.

309 2073 354 2109 V.
381 2073 438 2107 38.
486 2070 690 2115 Postquam
716 2069 926 2113 parasitus,
943 2077 1021 2112 ‚spe
1046 2077 1186 2102 coenae
1211 2067 1404 2101 confidens
1431 2071 1469 2100 et
1492 2066 1634 2100 animo·

217 2129 305 2161 nna,
327 2117 444 2152 variis
468 2114 661 2150 hominum
686 2114 909 2160 generibus,
935 2118 1111 2156 tanquam
1138 2112 1292 2153 aedilis,
1315 2113 1525 2146 edictiones
1550 2121 1633 2145 eum

246 2163 399 2198 ravibus
424 2161 535 2196 minis
560 2160 780 2205 proposuit,
815 2169 889 2193 non
919 2159 1001 2191 sine
1027 2157 1292 2191 maledicentia
1322 2158 1359 2190 in
1383 2158 1552 2201 singula3
1586 2156 1634 2190 ad

233 2209 342 2244 auios
365 2207 521 2248 transit,
561 2206 705 2250 iisque,
747 2215 795 2238 ex
825 2203 979 2237 rubrata
1012 2201 1147 2236 fraude
1180 2207 1219 2235 et
1244 2202 1471 2236 crudelitate
1504 2202 1634 2241 animi,

217 2255 364 2300 pariter
388 2253 565 2287 minatur.
615 2251 673 2285 De
699 2260 772 2294 quo
815 2259 883 2283 oco
908 2247 1101 2282 afferenda
1125 2251 1229 2288 sunt,
1255 2257 1351 2292 quae
1371 2247 1522 2281 Roscius
1540 2248 1632 2280 satis

219 2299 424 2346 diligenter
447 2296 624 2343 exposuit
647 2296 686 2329 in
709 2295 915 2339 scriptione
947 2292 1176 2327 scholastica
1208 2292 1250 2326 de
1282 2292 1464 2327 locatione
1488 2297 1524 2325 et
1548 2303 1631 2326 con-

217 2345 402 2381 ductione.
449 2343 488 2378 le
511 2342 673 2388 primum
699 2346 802 2376 recte
826 2339 992 2384 explicat
1012 2338 1261 2374 locutionem:
1286 2337 1411 2373 liberis
1429 2338 1533 2372 orbas
1554 2349 1633 2371 oves

218 2390 465 2431 concinnare,
498 2386 598 2433 quod
633 2387 775 2421 dictum
800 2385 967 2420 ostendit
999 2395 1104 2419 more
1128 2384 1304 2419 Plautino
1338 2394 1406 2429 pro
1432 2394 1500 2425 eo,
1532 2383 1632 2428 quod

218 2436 335 2483 vulgo
360 2435 520 2471 dicitur=
544 2443 625 2468 ove·
649 2431 774 2468 liberis
800 2430 904 2465 orbas
929 2430 1090 2464 reddere.
1140 2431 1223 2471 Quo
1242 2430 1480 2476 significetur
1500 2429 1633 2464 crude·

216 2482 306 2518 litas
330 2481 541 2522 laniorum,
577 2479 638 2514 cui
671 2478 815 2512 assueti
846 2487 919 2512 non
943 2476 1117 2510 dubitent
1141 2486 1257 2521 agnos
1283 2476 1331 2510 ab
1361 2475 1489 2509 ovium
1517 2485 1632 2509 inani-

216 2529 289 2565 mis
320 2528 500 2571 abreptos
531 2522 748 2559 interficet-e
781 2527 821 2557 et
854 2526 1033 2557 nmetare.
1086 2524 1207 2565 Atque
1245 2518 1300 2556 ita
1324 2522 1400 2555 iani
1426 2521 1632 2555 Lambinus

216 2574 268 2611 ad
295 2572 330 2609 b.
351 2573 377 2607 1.
407 2570 554 2607 Deinde
578 2570 754 2615 exposito
773 2568 990 2603 discrimine
1010 2568 1109 2601 inter
1130 2566 1348 2602 locationem
1367 2571 1406 2601 et
1425 2565 1631 2601 conductio-

209 2630 298 2656 ·nem
323 2617 588 2663 explicataque
605 2614 739 2650 borum
759 2614 963 2649 verborum
984 2613 1267 2658 significatione
1289 2613 1524 2658 pronunciat,
1550 2621 1631 2645 ver·

217 2666 284 2701 ba:
309 2664 376 2710 qui
399 2665 524 2699 locant
546 2661 749 2697 caedundos
765 2670 881 2705 agnos
899 2658 1002 2694 dicta
1020 2669 1101 2693 esse
1123 2669 1190 2703 pro
1211 2668 1278 2699 eo,
1302 2658 1403 2703 quod
1423 2658 1496 2693 diei
1517 2657 1633 2692 solett

218 2712 283 2757 qui
307 2711 547 2756 paciscuntur
573 2707 620 2743 de
643 2707 750 2752 agnis
776 2705 845 2740 alii
875 2704 1077 2746 caedendis
1111 2704 1400 2749 vendendisque.
1458 2703 1552 2739 Nam
1578 2703 1631 2737 1⁰-

216 2767 305 2792 care
334 2756 411 2791 dici
434 2765 520 2790 eum
546 2762 716 2799 quoque,
748 2751 812 2797 qui
843 2757 929 2797 cun)
957 2760 1075 2796 opera
1108 2750 1336 2795 praestanda
1367 2750 1481 2783 etiam
1513 2754 1629 2784 mate-

216 2803 336 2844 riam,
360 2802 399 2836 in
429 2811 504 2846 qua
529 2799 721 2840 elaboret,
746 2795 949 2842 praebeat,
971 2795 1099 2831 soluta
1123 2796 1169 2830 ab
1188 2796 1309 2830 altero
1329 2795 1498 2841 pecunia.
1546 2793 1630 2829 Vel·

216 2848 276 2885 uti
297 2848 331 2883 ιί
355 2847 439 2894 quis
463 2845 646 2892 suscipiat
668 2843 895 2880 vestimenta
918 2841 1104 2878 exercitui
1130 2841 1364 2887 praebenda,
1391 2849 1504 2887 quum
1529 2839 1630 2874 idem
