1670 3112
416 521 1156 607 ,PRAEFATlo

243 641 744 683 EanIOle
812 641 1362 684 REPETl'rAE.

95 874 399 968 Postquam
432 918 568 951 anno
600 902 745 951 huius
779 903 965 952 saeculi
999 904 1150 951 tertio
1180 910 1231 950 et
1263 902 1512 964 vigesimo

98 995 212 1052 has,
243 1008 369 1057 quae
394 1007 527 1040 nunc
549 994 794 1057 repetitae
821 991 1095 1056 prodeunt,
1124 992 1286 1040 Plauti
1314 992 1512 1039 fabulas

95 1082 254 1142 edidi3
284 1089 359 1130 tot
381 1097 439 1130 ac
460 1090 564 1129 tam
585 1081 842 1145 praeclara
861 1082 1068 1144 ingenia
1089 1083 1141 1129 in
1166 1081 1313 1129 huius
1330 1088 1512 1144 poetae

98 1169 372 1221 comoediis
394 1170 726 1219 emendandis
746 1186 950 1235 operam
976 1178 1275 1235 posuerunt,
1305 1179 1360 1218 ut
1382 1170 1514 1218 hanc

96 1261 372 1310 editionem
399 1258 634 1308 secundis
660 1262 790 1308 curis
816 1269 1043 1323 repetere
1070 1259 1195 1308 mihi
1222 1260 1401 1308 fuisset
1425 1275 1513 1324 op-

98 1350 279 1408 tabile,
326 1350 481 1397 etiam
515 1350 559 1396 si
589 1350 779 1398 veteris
805 1348 1043 1397 editionis
1068 1350 1383 1412 exemplaria
1410 1363 1512 1397 non

95 1446 268 1488 essent
310 1437 596 1487 divendita.
655 1435 825 1495 Quod
867 1453 1017 1502 quum
1062 1439 1164 1485 iam
1200 1436 1385 1486 dudum
1422 1451 1513 1485 usu

97 1526 379 1587 evenisset,
412 1533 734 1590 rogassetque
757 1527 859 1574 iam
885 1535 1004 1574 ante
1029 1525 1413 1590 quadriennium
1438 1526 1514 1574 bi-

96 1617 320 1683 bliopola
343 1615 756 1674 honestissimus,
786 1623 841 1664 ut
864 1631 1053 1666 novam
1076 1616 1353 1667 editionem
1376 1630 1515 1663 cura-

95 1723 228 1765 rem;
257 1705 494 1754 nolebam
516 1720 608 1767 ego
627 1706 790 1769 repeti
810 1707 1056 1769 priorem,
1086 1707 1187 1753 nisi
1207 1713 1378 1769 partes
1406 1704 1515 1752 eius

97 1811 274 1845 omnes
297 1810 356 1844 ac
376 1794 599 1856 singulas
622 1793 688 1842 ad
712 1809 933 1842 examen
958 1809 1296 1844 revocassem.
1346 1791 1515 1853 Quare

98 1887 286 1935 factum
307 1893 385 1932 est
406 1884 821 1948 occupationibus
844 1884 971 1931 meis
995 1899 1053 1931 ac
1074 1885 1293 1945 negotiis
1314 1885 1512 1942 ceteris,

99 1983 154 2023 ut
178 1990 289 2022 sero
313 1971 518 2021 tandem
542 1988 600 2020 ac
622 1951 766 2020 tarde
787 1974 1020 2037 precibus
1044 1972 1181 2020 illius
1211 1971 1515 2036 respondere

99 2077 315 2129 possem.
393 2063 575 2110 Verum
614 2063 751 2110 intra
787 2063 952 2127 ipsum
993 2059 1094 2109 hoc'
1125 2060 1515 2125 quadriennium

98 2162 205 2201 tam
229 2152 367 2213 larga
389 2150 556 2199 denuo
580 2150 771 2215 prodiit
795 2165 1024 2199 curarum
1048 2151 1102 2198 in
1122 2151 1303 2199 Plauto
1321 2151 1517 2215 posita-

99 2257 211 2291 rum
239 2241 448 2299 messis‚
490 2247 546 2288 ut
574 2241 766 2289 multae
799 2240 1030 2305 plagulae
1059 2255 1228 2290 novae
1254 2239 1513 2298 editionis,

99 2333 239 2396 prius
284 2344 528 2387 excusae,
579 2338 752 2379 essent
795 2329 1127 2395 repetendae,
1179 2331 1225 2378 si
1266 2330 1516 2394 respicere

103 2419 288 2470 vellem
330 2433 420 2467 suo
459 2419 568 2469 loco
609 2421 783 2468 omnia
822 2435 854 2467 a
893 2421 1019 2469 viris
1047 2418 1209 2467 doctis
1240 2417 1515 2482 disputata.

104 2506 248 2556 Vnde
272 2516 395 2556 nata
419 2516 536 2557 sunt
555 2509 905 2558 additamenta
929 2516 980 2556 et
1003 2506 1251 2573 quaedam
1276 2509 1517 2554 retracta·

105 2598 295 2655 tiones,
337 2612 460 2661 quas
489 2600 677 2664 partim
709 2600 767 2647 in
800 2599 971 2647 libello
998 2597 1060 2645 de
1086 2595 1323 2662 prosodia
1347 2593 1516 2644 denuo

107 2684 432 2746 excudendo,
477 2690 664 2752 partim
698 2690 754 2738 in
790 2686 1054 2737 Addendis
1087 2693 1137 2733 et
1166 2683 1516 2734 Emendandis

106 2790 346 2823 recensui.
