1742 3152
242 225 324 270 102
705 225 908 268 muns
937 226 1192 268 Ghomost

158 338 214 380 25
244 336 321 392 Py.
348 337 428 379 Ubi
451 343 493 379 tn
515 338 587 379 es?
635 336 730 380 Ar..
746 338 910 381 Eccum.
958 339 1134 392 Edepol,
1163 339 1225 380 vel
1249 341 1454 396 elephanto
1476 344 1516 385 in
1538 342 1662 387 'ludia

242 394 331 444 Quo
359 395 473 447 pzicto
502 407 633 447 pugno
665 394 913 447 praefregisti
944 395 1163 436 brachium.

241 449 319 504 Py.
349 451 484 501 Quid?
527 450 759 491 braichium‘}
814 450 898 492 Ar.
926 450 1027 492 Illud
1056 451 1186 492 dicere
1216 452 1341 504 volni,
1378 454 1519 498 femur.

240 505 318 560 Py.
347 508 397 547 At
425 506 675 558 indiligenter
703 507 767 548 hic
796 520 918 549 eram.
976 507 1058 549 Ar.
1086 507 1156 547 Pol
1186 508 1222 547 si
1250 510 1406 563 quidem

243 562 442 604 Connisns
471 576 604 614 esses,
634 566 706 617 per
734 563 905 615 corium,
943 577 1014 617 per
1044 564 1219 616 viscera,

160 619 217 662 30
244 619 395 673 Perque
425 619 470 660 os
499 619 696 672 elephanti
723 620 925 661 bnichium
956 620 1253 661 transmitteres.

242 675 320 716 Ρ.
357 675 459 717 Nolo
495 674 619 717 istaec
656 676 722 718 hic
759 690 877 718 nunc.
942 676 1026 719 Ar.
1062 677 1123 717 Ne
1161 676 1296 718 hercle
1325 690 1468 732 operae
1497 678 1662 733 pretifim

1103 733 1229 774 uidem

241 786 343 828 Mihi
373 789 410 828 te
439 801 624 842 narrare,
655 790 742 830 tuuis
771 788 838 843 qui
867 787 1030 830 virtutes
1060 749 1198 830 sssiam.
1240 765 1251 786 ²

239 867 298 876 0-
327 843 475 887 Venter
503 852 610 886 creat
639 845 764 886 omnis
795 845 867 886 luis
895 859 1127 898 aerumnas3
1166 844 1330 887 mitibus

240 900 534 942 Perhal‘nrienda
562 904 672 955 ssmt,
702 916 751 944 ne
782 903 916 943 de‘ntes
944 903 1139 955 dentiam,

335 1022 382 1059 V.
400 1023 465 1058 25.
482 1024 680 1068 Parasito,
706 1025 771 1071 qui
794 1023 844 1060 ad
866 1027 1102 1070 spectatores
1124 1023 1282 1070 loquens
1306 1033 1347 1058 se
1366 1026 1578 1066 averterat,
1602 1032 1661 1059 re·

249 1073 386 1103 vocato
419 1079 553 1106 novam
589 1070 769 1106 adulandi
802 1075 841 1106 et
873 1070 1058 1105 irridendi
1089 1070 1323 1106 occasionem
1360 1069 1517 1114 praebet
1538 1068 1661 1105 miles.

243 1112 449 1151 Brachium
489 1116 754 1162 proboscidem
792 1117 1115 1162 interpretantur,
1158 1116 1259 1160 quod
1298 1115 1397 1160 apud
1439 1114 1661 1149 Lucretium

246 1159 438 1204 elephanti
465 1161 707 1207 anguimani,
731 1166 772 1197 et
795 1162 878 1207 ipsa
901 1162 1097 1207 proboscis
1121 1172 1248 1195 manus
1266 1159 1455 1205 elephanto·
1470 1159 1661 1204 appellen·

215 1207 320 1286 *a
368 1205 441 1240 Sed
468 1218 596 1242 verum
622 1207 763 1243 vidisse
787 1206 880 1241 mihi
904 1207 1055 1241 videtur
1080 1206 1294 1251 Koepkius,
1328 1206 1392 1250 qui
1424 1205 1559 1239 vertit:
1598 1204 1662 1239 das

275 1250 538 1296 phulterblatt,
571 1263 730 1287 armum.
787 1254 837 1287 Ut:
868 1253 966 1287 enim
1001 1262 1123 1287 armus
1157 1251 1360 1296 aliquoties
1393 1260 1461 1294 pro
1497 1249 1660 1294 brachio,

243 1295 299 1330 sic
323 1296 507 1333 credibile
532 1303 611 1340 est,
637 1299 751 1338 etiam
777 1296 965 1332 brachium
989 1308 1057 1342 pro
1084 1308 1185 1332 armo
1203 1298 1242 1330 in
1261 1296 1385 1330 bestia
1403 1295 1543 1330 dictum
1565 1305 1662 1337 esse,

245 1341 346 1386 quod
376 1342 497 1378 minus
530 1344 646 1378 etiam
668 1342 837 1378 'offendit
870 1343 969 1388 apud
1003 1343 1207 1377 Comicum.
1240 1361 1282 1367 —
1328 1340 1515 1386 Displicet
1546 1341 1661 1375 militi

245 1387 302 1420 rei
331 1388 520 1430 tenuitas,
550 1390 588 1422 in
617 1399 691 1433 qua
714 1389 902 1424 laudanda
935 1399 1008 1432 non
1042 1389 1186 1423 versari
1211 1387 1291 1422 vult
1320 1388 1539 1432 parasitum.
1589 1387 1662 1422 Hic

247 1431 368 1476 igitur
392 1433 564 1476 pleniore
588 1433 719 1469 laudat
743 1444 831 1477 ore,
857 1438 896 1468 et
910 1435 1043 1482 femur
1066 1433 1221 1469 brachio
1250 1432 1458 1479 substituit.
1506 1432 1661 1467 Factum

244 1476 340 1511 illud
363 1479 457 1513 satis
482 1480 590 1524 parvi
613 1479 687 1514 sibi
711 1480 951 1522 constitisse,
984 1480 1135 1524 reponit
1171 1478 1290 1514 miles.
1346 1478 1394 1512 At
1417 1476 1659 1523 indiligenter

244 1521 306 1557 hic
330 1534 454 1565 eram;
487 1536 559 1559 non
584 1525 787 1560 admodum
820 1525 1060 1568 laborabam,
1093 1536 1165 1559 non
1190 1524 1335 1558 viribus
1364 1523 1533 1565 nitebar,
1564 1523 1659 1565 sive,

244 1571 288 1601 ut
318 1573 424 1603 recte
456 1570 601 1604 Graece
635 1571 804 1605 reddidit
836 1570 1061 1604 Lambinus:
1106 1569 1179 1605 ἀλλ’
1219 1569 1360 1604 ἐνταῦθα
1402 1566 1658 1616 ἐρῥαδιοῦργουν.

242 1612 405 1648 Bothius
424 1615 689 1653 soloecismum
703 1611 764 1650 hic
780 1615 960 1657 odorans,
985 1615 1164 1650 coniecit:
1188 1614 1236 1648 At
1250 1613 1491 1658 indiligenter
1507 1613 1658 1647 iceram.

244 1657 319 1693 Sed
352 1670 425 1693 non
457 1665 536 1703 est,
575 1661 676 1705 quod
707 1660 895 1696 sollicitus
927 1661 979 1694 sit
1011 1661 1068 1694 vir
1103 1662 1248 1695 doctus.
1312 1659 1428 1693 Eram
1467 1661 1564 1692 enim
1599 1661 1658 1692 est

243 1704 438 1748 versabar,
472 1705 648 1751 agebam,
689 1706 789 1741 unde
820 1706 1041 1741 adverbium
1075 1706 1288 1751 apponitur.
1346 1705 1421 1738 Cic.
1458 1705 1576 1749 Epist.
1611 1704 1659 1738 ad

244 1750 322 1784 Att.
343 1749 454 1792 Xlll,
479 1752 536 1786 52.
585 1750 802 1787 Delectatus
825 1757 878 1786 est
904 1756 941 1786 et
963 1751 1118 1786 libenter
1133 1751 1245 1799 [ιηἰς
1284 1748 1353 1784 hoc
1380 1754 1459 1784 est:
1495 1755 1661 1793 ner-satus

244 1800 318 1837 est,
351 1794 476 1840 affuit.
525 1797 600 1832 Sed
632 1797 761 1832 Latini
795 1798 934 1840 etiam,
1001 1797 1119 1831 ariter
1159 1802 1271 1841 atque
1305 1795 1466 1836 Graeci,
1503 1795 1660 1829 verbum

243 1850 333 1883 esse,
359 1842 422 1875 ubi
448 1846 506 1876 est
531 1848 781 1888 comparatum
806 1854 894 1884 esse,
930 1807 1114 1888 affecte-tum
1130 1853 1220 1884 ense,
1244 1841 1405 1883 versari,
1444 1839 1659 1875 beschaffen

243 1885 322 1918 sein
337 1909 348 1926 ,
372 1885 452 1921 sich
469 1887 647 1922 berinden
660 1912 671 1929 ‚
699 1899 783 1923 cum
802 1887 993 1922 adverbiis
1008 1892 1247 1932 componunt.
1284 1886 1409 1921 Veluti
1426 1885 1658 1920 Menaechm.

241 1929 310 1973 ΙΙΙ,
328 1932 363 1974 2,
381 1934 438 1966 20.
474 1931 622 1968 Minore
638 1944 819 1979 nusquam
842 1933 942 1968 bene
958 1932 1038 1979 fni
1061 1932 1259 1978 dispendio.
1294 1932 1451 1966 Mercat.
1468 1932 1533 1974 ΙΙΙ,
1550 1932 1584 1972 3,
1602 1933 1658 1964 22.

245 1974 440 2020 Cui-amus,
458 1979 646 2023 pulchre
670 1985 710 2013 ut
735 1979 876 2014 sinuas.
913 1978 1067 2013 Trucul.
1081 1978 1143 2021 lV,
1162 1979 1196 2019 2,
1215 1979 1270 2011 28.
1309 1977 1366 2012 De
1385 1988 1424 2011 eo
1443 1988 1539 2011 nmec
1557 1976 1659 2011 bene

241 2030 384 2057 summ
408 2029 474 2058 tua
496 2024 645 2059 virtute.
693 2025 806 2059 Hom.
826 2024 1017 2066 11iad.1v‚
1048 2026 1101 2066 14,
1124 2029 1161 2057 et
1180 2023 1270 2058 alibi
1289 2023 1529 2068 saepissime:
1553 2021 1662 2064 ὅπως

239 2063 366 2104 ἔσται
389 2069 465 2104 τάδε
487 2068 582 2124 ἔργα.
630 2070 760 2114 Eurip.
795 2069 940 2104 Hecub.
964 2070 1044 2104 732.
1076 2069 1134 2103 ed.
1168 2069 1281 2103 Dind.
1315 2066 1342 2104 εἴ
1373 2083 1405 2103 τι
1430 2067 1524 2102 τῶνδ’
1553 2067 1662 2103 ἐστὶν

241 2115 397 2155 καλῶς.
446 2115 576 2160 Eunp.
601 2115 798 2154 Heraclid.
822 2114 889 2149 fin.
915 2116 1069 2163 καθαρῶς
1092 2113 1195 2150 ἔσται.
1247 2113 1300 2147 Cf.
1320 2124 1415 2159 quae
1434 2124 1547 2158 supra
1566 2113 1662 2146 dixi-

242 2167 327 2200 mus
351 2159 398 2193 ad
418 2160 565 2204 Captiv.
585 2160 657 2202 lv,
684 2161 724 2202 2,
749 2163 805 2195 w.
853 2159 958 2194 Adde
979 2159 1163 2193 Erfurdtii
1184 2165 1259 2192 not.
1278 2160 1323 2192 ad
1343 2158 1517 2202 Sophucl.
1538 2159 1661 2211 Antig.

240 2202 322 2238 633.
354 2203 413 2237 ed.
447 2205 580 2239 Herm.
639 2201 784 2250 Operae
815 2204 978 2249 pretium
1011 2204 1157 2249 quidem
1187 2208 1259 2238 cet.
1321 2204 1377 2238 Nc
1410 2212 1547 2247 operae
1581 2213 1661 2246 qun-

245 2247 331 2282 dem
356 2249 519 2294 pretium
546 2253 623 2291 est,
647 2254 684 2284 te
710 2247 801 2284 mihi
825 2250 900 2284 ista
924 2259 1104 2292 narrare;
1131 2259 1200 2294 ego
1227 2248 1324 2281 enim
1344 2248 1502 2281 virtutes
1521 2254 1603 2281 tuas
1622 2250 1662 2281 et

242 2291 363 2328 fort-la
386 2292 488 2329 facta
513 2294 631 2339 probe
654 2295 746 2329 scio.
795 2294 1073 2329 particularum
1099 2305 1143 2328 ue
1161 2312 1204 2318 —
1225 2293 1368 2338 quidem
1389 2293 1522 2327 maiori
1546 2293 1661 2325 inter·

241 2337 650 2420 {⁸¹¹⁰1ssisliuvnctarunss
684 2339 859 2385 exempla
892 2340 1052 2375 rariora.
1109 2337 1165 2374 Cf.
1199 2338 1385 2373 Goerenz.
1419 2338 1468 2373 ad
1503 2338 1578 2372 Cic.
1614 2337 1660 2371 de

265 2383 325 2418 Ἔα.
365 2385 377 2418 i
406 2409 414 2417 .
493 2410 504 2427 ‚
561 2386 621 2419 .51
654 2409 662 2418 .

242 2459 244 2461 -
335 2429 379 2465 V.
400 2430 454 2465 33.
478 2396 673 2465 Patrasitus
697 2440 828 2464 rursus
853 2430 900 2464 ad
925 2434 1161 2475 spectatores
1187 2439 1226 2463 se
1252 2429 1463 2471 convertit,
1489 2433 1531 2461 ut
1554 2438 1659 2462 caus·

245 2484 344 2517 sam,
370 2485 437 2510 cur
456 2481 532 2509 tam
552 2476 790 2521 impudenter
805 2475 981 2510 aduletur
1002 2477 1126 2517 militi,
1155 2480 1330 2520 exponat.
1384 2473 1661 2509 1’e1·11mtrienda

241 2524 338 2554 sunt.
387 2520 509 2566 Vulgo
535 2526 574 2556 et
597 2522 634 2555 in
661 2521 704 2557 V.
732 2522 770 2555 C.
797 2522 898 2556 Cam.
927 2520 1184 2556 Peraudieuda
1206 2527 1301 2555 sunt.
1351 2521 1423 2557 Sed
1457 2519 1551 2553 illud
1584 2519 1660 2552 iam

243 2563 388 2600 Parcus
413 2577 434 2601 e
459 2566 550 2601 Cod.
576 2566 668 2601 Dec.
694 2570 929 2612 reposuerat.
978 2566 1033 2601 Cf.
1060 2567 1165 2612 Virg.
1191 2569 1277 2601 Aen.
1299 2567 1370 2609 lv,
1395 2566 1475 2601 359.
1515 2564 1660 2598 Vocem-

209 2639 227 2649 .,
273 2621 317 2648 ue
348 2610 404 2647 Me
436 2611 586 2647 auribus
619 2611 736 2646 hausi.
793 2612 867 2653 Est⁴
893 2616 1019 2646 autem
1049 2612 1271 2658 perlmurt‘re
1306 2623 1422 2657 usque
1457 2610 1504 2646 ad
1545 2609 1660 2644 finem

270 2657 414 2698 aurire,
446 2664 631 2703 perpetuu
666 2655 831 2693 haurire.
888 2656 1046 2692 Dentire
1079 2657 1227 2703 vulgari
1259 2659 1413 2692 notione
1447 2662 1505 2691 est
1538 2657 1662 2691 dentes

244 2700 425 2745 emittere,
460 2704 672 2744 ὲδοντοφυεῖν.
729 2703 850 2757 Igitur
881 2704 1071 2750 parasitus
1103 2704 1229 2737 iocose
1258 2704 1332 2737 sibi
1366 2703 1506 2737 denlire
1539 2703 1661 2736 dentes

243 2745 320 2789 ait,
346 2748 455 2791 quia,
484 2759 596 2792 quum
623 2747 717 2782 nihil
741 2749 790 2784 iis
813 2747 1079 2794 manducatur,
1106 2760 1177 2782 nun
1207 2749 1441 2791 deteruntur,
1467 2747 1531 2781 sed
1552 2747 1659 2792 quasi

243 2801 414 2827 crescere
439 2794 626 2828 videntur.
674 2793 797 2834 Aliter
840 2804 951 2838 v,cum
987 2793 1190 2838 explicavit
1214 2793 1396 2840 Scaliger.
1444 2794 1518 2837 Qui
1547 2802 1659 2838 quum

242 2835 283 2871 iu
306 2835 520 2884 fragmento
549 2839 732 2876 Varronis
760 2804 865 2886 apud

894 2838 1057 2876 Nonium
1088 2850 1125 2887 p.
1142 2841 1197 2875 ¹12.
1223 2850 1254 2875 s.
1275 2851 1307 2875 v.
1334 2841 1449 2885 algu,
1482 2842 1659 2884 corrupto
1709 2854 1712 2859 ·
